@article{Alam2013,
 author = {Alam, Shah Jamal and Zhang, Xinyu and Romero-Severson, Ethan Obie and Henry, Christopher and Zhong, Lin and Volz, Erik M. and Brenner, Bluma G. and Koopman, James S.},
 doi = {10.1016/j.epidem.2012.11.003},
 journal = {Epidemics},
 month = {mar},
 number = {1},
 pages = {44--55},
 publisher = {Elsevier},
 title = {{Detectable signals of episodic risk effects on acute HIV transmission: Strategies for analyzing transmission systems using genetic data}},
 url = {https://www.sciencedirect.com/science/article/pii/S1755436512000539?via{\%}3Dihub{\#}fig0005},
 volume = {5},
 year = {2013}
}

@article{Anderson2014,
 author = {Anderson, Sarah Jane and Cherutich, Peter and Kilonzo, Nduku and Cremin, Ide and Fecht, Daniela and Kimanga, Davies and Harper, Malayah and Masha, Ruth Laibon and Ngongo, Prince Bahati and Maina, William and Dybul, Mark and Hallett, Timothy B.},
 doi = {10.1016/S0140-6736(14)61053-9},
 journal = {The Lancet},
 month = {jul},
 number = {9939},
 pages = {249--256},
 publisher = {Elsevier},
 title = {{Maximising the effect of combination HIV prevention through prioritisation of the people and places in greatest need: A modelling study}},
 url = {https://www-sciencedirect-com.myaccess.library.utoronto.ca/science/article/pii/S0140673614610539},
 volume = {384},
 year = {2014}
}

@article{Boily2015,
 author = {Boily, Marie Claude and Pickles, Michael and Alary, Michel and Baral, Stefan and Blanchard, James and Moses, Stephen and Vickerman, Peter and Mishra, Sharmistha},
 doi = {10.1097/QAI.0000000000000437},
 journal = {Journal of Acquired Immune Deficiency Syndromes},
 month = {mar},
 pages = {S74--S82},
 pmid = {25723994},
 title = {{What really is a concentrated HIV epidemic and what does it mean for West and Central Africa? Insights from mathematical modeling}},
 url = {http://www.ncbi.nlm.nih.gov/pubmed/25723994},
 volume = {68},
 year = {2015}
}

@article{Cremin2013,
 author = {Cremin, Ide and Alsallaq, Ramzi and Dybul, Mark and Piot, Peter and Garnett, Geoffrey and Hallett, Timothy B.},
 doi = {10.1097/QAD.0b013e32835ca2dd},
 journal = {AIDS},
 month = {jan},
 number = {3},
 pages = {447--458},
 pmid = {23296196},
 title = {{The new role of antiretrovirals in combination HIV prevention: A mathematical modelling analysis}},
 url = {http://www.ncbi.nlm.nih.gov/pubmed/23296196 http://content.wkhealth.com/linkback/openurl?sid=WKPTLP:landingpage{\&}an=00002030-201301280-00015},
 volume = {27},
 year = {2013}
}

@article{Deering2008,
 author = {Deering, Kathleen N. and Vickerman, Peter and Moses, Stephen and Ramesh, Banadakoppa M. and Blanchard, James F. and Boily, Marie Claude},
 doi = {10.1097/01.aids.0000343774.59776.95},
 journal = {AIDS},
 month = {dec},
 number = {SUPPL. 5},
 publisher = {AIDS},
 title = {{The impact of out-migrants and out-migration on the HIV/AIDS epidemic: A case study from south-west India}},
 volume = {22},
 year = {2008}
}

@article{Eaton2014,
 author = {Eaton, Jeffrey W. and Hallett, Timothy B.},
 doi = {10.1073/pnas.1323007111},
 journal = {Proceedings of the National Academy of Sciences},
 month = {nov},
 number = {45},
 pages = {16202--16207},
 pmid = {25313068},
 publisher = {National Academy of Sciences},
 title = {{Why the proportion of transmission during early-stage HIV infection does not predict the long-term impact of treatment on HIV incidence}},
 url = {http://www.pnas.org/content/111/45/16202 http://www.pnas.org/lookup/doi/10.1073/pnas.1323007111},
 volume = {111},
 year = {2014}
}

@article{Garnett1994,
 author = {Garnett, Geoffrey P. and Anderson, Roy M.},
 doi = {10.1093/imammb/11.3.161},
 journal = {Mathematical Medicine and Biology},
 month = {jan},
 number = {3},
 pages = {161--192},
 pmid = {7822888},
 publisher = {Oxford University Press},
 title = {{Balancing sexual partnerships in an age and activity stratified model of HIV transmission in heterosexual populations}},
 url = {https://academic.oup.com/imammb/article-lookup/doi/10.1093/imammb/11.3.161},
 volume = {11},
 year = {1994}
}

@article{Goodreau2007,
 author = {Goodreau, Steven M and Golden, Matthew R},
 doi = {10.1136/sti.2007.025627},
 journal = {Sexually Transmitted Infections},
 month = {oct},
 number = {6},
 pages = {458--462},
 pmid = {17855487},
 publisher = {BMJ Publishing Group},
 title = {{Biological and demographic causes of high HIV and sexually transmitted disease prevalence in men who have sex with men}},
 url = {http://www.ncbi.nlm.nih.gov/pubmed/17855487},
 volume = {83},
 year = {2007}
}

@article{Goodreau2012,
 author = {Goodreau, Steven M. and Carnegie, Nicole B. and Vittinghoff, Eric and Lama, Javier R. and Sanchez, Jorge and Grinsztejn, Beatriz and Koblin, Beryl A. and Mayer, Kenneth H. and Buchbinder, Susan P.},
 doi = {10.1371/journal.pone.0050522},
 journal = {PLoS ONE},
 month = {nov},
 number = {11},
 pages = {e50522},
 publisher = {Public Library of Science},
 title = {{What Drives the US and Peruvian HIV Epidemics in Men Who Have Sex with Men (MSM)?}},
 url = {https://dx.plos.org/10.1371/journal.pone.0050522},
 volume = {7},
 year = {2012}
}

@article{Granich2009,
 author = {Granich, Reuben M and Gilks, Charles F and Dye, Christopher and {De Cock}, Kevin M and Williams, Brian G},
 doi = {10.1016/S0140-6736(08)61697-9},
 journal = {The Lancet},
 month = {jan},
 number = {9657},
 pages = {48--57},
 pmid = {19038438},
 title = {{Universal voluntary HIV testing with immediate antiretroviral therapy as a strategy for elimination of HIV transmission: a mathematical model}},
 url = {http://www.ncbi.nlm.nih.gov/pubmed/19038438 http://linkinghub.elsevier.com/retrieve/pii/S0140673608616979},
 volume = {373},
 year = {2009}
}

@article{Henry2015,
 author = {Henry, Christopher J. and Koopman, James S.},
 doi = {10.1038/srep09467},
 journal = {Scientific Reports},
 month = {aug},
 number = {1},
 pages = {9467},
 pmid = {25902018},
 title = {{Strong influence of behavioral dynamics on the ability of testing and treating HIV to stop transmission}},
 url = {http://www.ncbi.nlm.nih.gov/pubmed/25902018 http://www.pubmedcentral.nih.gov/articlerender.fcgi?artid=PMC5386110 http://www.nature.com/articles/srep09467},
 volume = {5},
 year = {2015}
}

@article{Kerr2015,
 author = {Kerr, Cliff C. and Stuart, Robyn M. and Gray, Richard T. and Shattock, Andrew J. and Fraser-Hurt, Nicole and Benedikt, Clemens and Haacker, Markus and Berdnikov, Maxim and Mahmood, Ahmed Mohamed and Jaber, Seham Abdalla and Gorgens, Marelize and Wilson, David P.},
 doi = {10.1097/QAI.0000000000000605},
 journal = {Journal of Acquired Immune Deficiency Syndromes},
 month = {jul},
 number = {3},
 pages = {365--376},
 title = {{Optima: A Model for HIV Epidemic Analysis, Program Prioritization, and Resource Optimization}},
 url = {http://content.wkhealth.com/linkback/openurl?sid=WKPTLP:landingpage{\&}an=00126334-201507010-00017},
 volume = {69},
 year = {2015}
}

@article{MaheuGiroux2017,
 author = {Maheu-Giroux, Mathieu and Vesga, Juan F. and Diabat{\'{e}}, Souleymane and Alary, Michel and Baral, Stefan and Diouf, Daouda and Abo, Kouam{\'{e}} and Boily, Marie Claude},
 doi = {10.1371/journal.pmed.1002321},
 journal = {PLoS Medicine},
 month = {jun},
 number = {6},
 pages = {e1002321},
 pmid = {28617810},
 publisher = {Public Library of Science},
 title = {{Population-level impact of an accelerated HIV response plan to reach the UNAIDS 90-90-90 target in C{\^{o}}te d'Ivoire: Insights from mathematical modeling}},
 url = {http://dx.plos.org/10.1371/journal.pmed.1002321},
 volume = {14},
 year = {2017}
}

@article{Mishra2014,
 author = {Mishra, Sharmistha and Pickles, Michael and Blanchard, James F. and Moses, Stephen and Shubber, Zara and Boily, Marie Claude},
 doi = {10.1371/journal.pone.0101690},
 journal = {PLoS ONE},
 month = {jul},
 number = {7},
 publisher = {Public Library of Science},
 title = {{Validation of the modes of transmission model as a tool to prioritize HIV prevention targets: A comparative modelling analysis}},
 volume = {9},
 year = {2014}
}

@article{Moghadas2003,
 author = {Moghadas, Seyed M. and Gumel, Abba B. and McLeod, Robert G. and Gordon, Richard},
 doi = {10.1080/10273660412331315147},
 journal = {Journal of Theoretical Medicine},
 month = {sep},
 number = {3-4},
 pages = {171--181},
 title = {{Could condoms stop the AIDS epidemic?}},
 volume = {5},
 year = {2003}
}

@article{Mukandavire2018,
 author = {Mukandavire, Christinah and Walker, Josephine and Schwartz, Sheree and Boily, Marie-Claude and Danon, Leon and Lyons, Carrie and Diouf, Daouda and Liestman, Ben and Diouf, Nafissatou Leye and Drame, Fatou and Coly, Karleen and Muhire, Remy Serge Manzi and Thiam, Safiatou and Diallo, Papa Amadou Niang and Kane, Coumba Toure and Ndour, Cheikh and Volz, Erik and Mishra, Sharmistha and Baral, Stefan and Vickerman, Peter},
 doi = {10.1002/jia2.25126},
 journal = {Journal of the International AIDS Society},
 month = {jul},
 pages = {e25126},
 pmid = {30033604},
 title = {{Estimating the contribution of key populations towards the spread of HIV in Dakar, Senegal}},
 url = {http://www.ncbi.nlm.nih.gov/pubmed/30033604 http://www.pubmedcentral.nih.gov/articlerender.fcgi?artid=PMC6055131 http://doi.wiley.com/10.1002/jia2.25126},
 volume = {21},
 year = {2018}
}

@article{Punyacharoensin2016,
 author = {Punyacharoensin, Narat and Edmunds, William John and {De Angelis}, Daniela and Delpech, Valerie and Hart, Graham and Elford, Jonathan and Brown, Alison and Gill, O Noel and White, Richard Guy},
 doi = {10.1016/S2352-3018(15)00056-9},
 journal = {The Lancet HIV},
 month = {feb},
 number = {2},
 pages = {e94--e104},
 title = {{Effect of pre-exposure prophylaxis and combination HIV prevention for men who have sex with men in the UK: A mathematical modelling study}},
 url = {https://linkinghub.elsevier.com/retrieve/pii/S2352301815000569},
 volume = {3},
 year = {2016}
}

@article{Vickerman2010,
 author = {Vickerman, Peter and Foss, Anna M and Pickles, Michael and Deering, Kathleen and Verma, Supriya and {Eric Demers} and Lowndes, Catherine M and Moses, Stephen and Alary, Michel and Boily, Marie-Claude},
 doi = {10.1097/QAD.0b013e32833e8663},
 journal = {AIDS},
 month = {oct},
 number = {16},
 pages = {2563--2572},
 title = {{To what extent is the HIV epidemic in southern India driven by commercial sex? A modelling analysis}},
 url = {https://insights.ovid.com/crossref?an=00002030-201010230-00016},
 volume = {24},
 year = {2010}
}

