@article{Baral2019,
 author = {Baral, Stefan and Rao, Amrita and Sullivan, Patrick and Phaswana-Mafuya, Nancy and Diouf, Daouda and Millett, Greg and Musyoki, Helgar and Geng, Elvin and Mishra, Sharmistha},
 journal = {The Lancet HIV},
 month = {jul},
 publisher = {Elsevier},
 title = {{The disconnect between individual-level and population-level HIV prevention benefits of antiretroviral treatment}},
 url = {http://doi.org/10.1016/s2352-3018(19)30226-7},
 year = {2019}
}

@misc{DHS,
 author = {USAID},
 title = {{The DHS Program}},
 url = {https://www.dhsprogram.com},
 year = {1984}
}

@article{Baral2014,
 author = {Baral, Stefan and Ketende, Sosthenes and Green, Jessie L. and Chen, Ping-An An and Grosso, Ashley and Sithole, Bhekie and Ntshangase, Cebisile and Yam, Eileen and Kerrigan, Deanna and Kennedy, Caitlin E. and Adams, Darrin},
 journal = {PLoS ONE},
 month = {dec},
 number = {12},
 pages = {e115465},
 publisher = {Public Library of Science},
 title = {{Reconceptualizing the HIV epidemiology and prevention needs of female sex workers (FSW) in Swaziland}},
 url = {http://doi.org/10.1371/journal.pone.0115465},
 volume = {9},
 year = {2014}
}

@misc{DHS-SWZ,
 author = {{Macro International Inc.} and {Swaziland Central Statistical Office}},
 publisher = {USAID},
 title = {{Swaziland: Demographic and Health Survey 2006-2007}},
 url = {http://catalog.ihsn.org/index.php/catalog/2463},
 year = {2008}
}

@misc{Abdul-Quader2014,
 author = {Abdul-Quader, Abu S and Baughman, Andrew L and Hladik, Wolfgang},
 booktitle = {Current Opinion in HIV and AIDS},
 month = {mar},
 number = {2},
 pages = {107--114},
 title = {{Estimating the size of key populations: Current status and future possibilities}},
 url = {http://doi.org/10.1097/COH.0000000000000041},
 volume = {9},
 year = {2014}
}

@techreport{SwaziKP2014,
 author = {TBD and USAID},
 title = {{Characterizing the HIV Prevention and Treatment Needs among Key Populations, including Men who Have Sex with Men and Female Sex Workers in Swaziland: From Evidence to Action}},
 year = {2015}
}

@article{Knight2020,
  author = {Knight, Jesse and Baral, Stefan D and Schwartz, Sheree and Wang, Linwei and Ma, Huiting and Young, Katherine and Hausler, Harry and Mishra, Sharmistha},
  journal = {Epidemics},
  title = {{Contribution of high risk groups' unmet needs may be underestimated in epidemic models without risk turnover: a mechanistic modelling analysis}},
  year = {submitted},
  url = {https://arxiv.org/abs/2001.02744}
}

@article{Johnson2016,
 author = {Johnson, Leigh F. and Geffen, Nathan},
 doi = {10.1097/OLQ.0000000000000412},
 journal = {Sexually Transmitted Diseases},
 month = {mar},
 number = {3},
 pages = {139--146},
 title = {{A Comparison of two mathematical modeling frameworks for evaluating sexually transmitted infection epidemiology}},
 url = {http://content.wkhealth.com/linkback/openurl?sid=WKPTLP:landingpage{\&}an=00007435-201603000-00001},
 volume = {43},
 year = {2016}
}

@article{Eaton2012,
 author = {Eaton, Jeffrey W. and Johnson, Leigh F. and Salomon, Joshua A. and B{\"{a}}rnighausen, Till and Bendavid, Eran and Bershteyn, Anna and Bloom, David E. and Cambiano, Valentina and Fraser, Christophe and Hontelez, Jan A.C. and Humair, Salal and Klein, Daniel J. and Long, Elisa F. and Phillips, Andrew N. and Pretorius, Carel and Stover, John and Wenger, Edward A. and Williams, Brian G. and Hallett, Timothy B.},
 doi = {10.1371/journal.pmed.1001245},
 journal = {PLoS Medicine},
 month = {jul},
 number = {7},
 pages = {e1001245},
 publisher = {Public Library of Science},
 title = {{HIV treatment as prevention: Systematic comparison of mathematical models of the potential impact of antiretroviral therapy on HIV incidence in South Africa}},
 url = {https://dx.plos.org/10.1371/journal.pmed.1001245},
 volume = {9},
 year = {2012}
}

@article{Hontelez2013,
 author = {Hontelez, Jan A.C. C. and Lurie, Mark N. and B{\"{a}}rnighausen, Till and Bakker, Roel and Baltussen, Rob and Tanser, Frank and Hallett, Timothy B. and Newell, Marie Louise and de Vlas, Sake J.},
 doi = {10.1371/journal.pmed.1001534},
 journal = {PLoS Medicine},
 month = {oct},
 number = {10},
 pages = {e1001534},
 publisher = {Public Library of Science},
 title = {{Elimination of HIV in South Africa through Expanded Access to Antiretroviral Therapy: A Model Comparison Study}},
 url = {http://dx.plos.org/10.1371/journal.pmed.1001534},
 volume = {10},
 year = {2013}
}

@article{Wang2019,
  author = {Wang, Linwei and Moqueet, Nasheed and Simkin, Anna and Knight, Jesse and Ma, Huiting and Lachowsky, Nathan J and Armstrong, Heather L and Tan, Darrell H S and Burchell, Ann N and Hart, Trevor A and Moore, David M and Adam, Barry D and MacFadden, Derek R and Baral, Stefan D and Mishra, Sharmistha},
  journal = {TBD},
  title = {Influence of serosorting on the population-level transmission impact of pre-exposure prophylaxis among men who have sex with men: a mathematical modeling study},
  year = {in preparation}
}

@misc{Eisinger2019,
 author = {Eisinger, Robert W. and Dieffenbach, Carl W. and Fauci, Anthony S.},
 booktitle = {JAMA - Journal of the American Medical Association},
 doi = {10.1001/jama.2018.21167},
 month = {feb},
 number = {5},
 pages = {451--452},
 publisher = {American Medical Association},
 title = {{HIV viral load and transmissibility of HIV infection undetectable equals untransmittable}},
 volume = {321},
 year = {2019}
}

@article{Hayes2019,
 author = {Hayes, Richard J. and Donnell, Deborah and Floyd, Sian and Mandla, Nomtha and Bwalya, Justin and Sabapathy, Kalpana and Yang, Blia and Phiri, Mwelwa and Schaap, Ab and Eshleman, Susan H. and Piwowar-Manning, Estelle and Kosloff, Barry and James, Anelet and Skalland, Timothy and Wilson, Ethan and Emel, Lynda and Macleod, David and Dunbar, Rory and Simwinga, Musonda and Makola, Nozizwe and Bond, Virginia and Hoddinott, Graeme and Moore, Ayana and Griffith, Sam and Sista, Nirupama Deshmane and Vermund, Sten H. and El-Sadr, Wafaa and Burns, David N. and Hargreaves, James R. and Hauck, Katharina and Fraser, Christophe and Shanaube, Kwame and Bock, Peter and Beyers, Nulda and Ayles, Helen and Fidler, Sarah},
 doi = {10.1056/NEJMoa1814556},
 journal = {New England Journal of Medicine},
 month = {jul},
 number = {3},
 pages = {207--218},
 publisher = {Massachussetts Medical Society},
 title = {{Effect of universal testing and treatment on HIV incidence - HPTN 071 (popart)}},
 volume = {381},
 year = {2019}
}

@article{Iwuji2018,
 author = {Iwuji, Collins C. and Orne-Gliemann, Joanna and Larmarange, Joseph and Balestre, Eric and Thiebaut, Rodolphe and Tanser, Frank and Okesola, Nonhlanhla and Makowa, Thembisa and Dreyer, Jaco and Herbst, Kobus and McGrath, Nuala and B{\"{a}}rnighausen, Till and Boyer, Sylvie and {De Oliveira}, Tulio and Rekacewicz, Claire and Bazin, Brigitte and Newell, Marie Louise and Pillay, Deenan and Dabis, Fran{\c{c}}ois and Iwuji, Collins and Naidu, Kevi and Rochat, Tamsen and Viljoen, Johannes and Zuma, Thembelihle and Karcher, Sophie and Plazy, Melanie and Prague, M{\'{e}}lanie and Thi{\'{e}}baut, Rodolphe and Tiendrebeogo, Thierry and Donfouet, Hermann and Gosset, Andrea and March, Laura and Protopopescu, Camelia and Spire, Bruno and Calmy, Alexandra and Inghels, Maxime and Diallo, Hassimiou and Calvez, Vincent and Derache, Anne and Marcelin, Anne Genevi{\`{e}}ve and Dray-Spira, Rosemary and Lert, France and {El Farouki}, Kamal and Lessells, Richard and Freedberg, Kenneth and Imrie, John and Chaix, Marie Laure and Newell, Colin and Hontelez, Jan},
 doi = {10.1016/S2352-3018(17)30205-9},
 journal = {The Lancet HIV},
 month = {mar},
 number = {3},
 pages = {e116--e125},
 publisher = {Elsevier Ltd},
 title = {{Universal test and treat and the HIV epidemic in rural South Africa: a phase 4, open-label, community cluster randomised trial}},
 url = {http://www.ncbi.nlm.nih.gov/pubmed/29199100},
 volume = {5},
 year = {2018}
}

@inproceedings{Havlir2018,
  title = {SEARCH community cluster randomized study of HIV "test and treat" using multi- disease approach and streamlined care in rural Uganda and Kenya},
  author = {Havlir, D and Charlebois, E and Balzer, L and Clark, T and Kwarisiima, D and Ayieko, J and Kabami, J and Sang, N and Liegler, T and Chamie, G and Camlin, C and Kadede, K and Mucunguzi, A and Jain, V and Ruel, T and Shade, S and Ssemondo, E and Byonanebye, D and Mwangwa, F and Owaraganise, A and Olilo, W and Black, D and Snyman, K and Burger, R and Getahun, M and Achando, J and Awuonda, B and Nakato, H and Kironde, J and Thirumurthy, H and Koss, C and Brown, L and Marquez, C and Schwab, J and Lavoy, G and Plenty, A and Wafula, E Mugoma and Omanya, P and Rooney, J and Bacon, M and Laan, M van der and Cohen, C and Bukusi, E and Petersen, M and Kamya, M},
  booktitle = {International AIDS Conference 2018},
  url = {https://programme.aids2018.org/Abstract/Abstract/13469},
  address = {Amsterdam, Netherlands},
  year = {2018},
}

@article{Mountain2014,
 author = {Mountain, Elisa and Mishra, Sharmistha and Vickerman, Peter and Pickles, Michael and Gilks, Charles and Boily, Marie Claude},
 doi = {10.1371/journal.pone.0105645},
 journal = {PLoS ONE},
 month = {sep},
 number = {9},
 pages = {e105645},
 publisher = {Public Library of Science},
 title = {{Antiretroviral therapy uptake, attrition, adherence and outcomes among hiv-infected female sex workers: A systematic review and meta-analysis}},
 url = {https://dx.plos.org/10.1371/journal.pone.0105645},
 volume = {9},
 year = {2014}
}

@inproceedings{Knight2019,
  address = {Seattle, WA, USA},
  author = {Knight, Jesse and Ma, Huiting and Baral, Stefan and Ketende, Sosthenes and Olawore, Oluwasolape and Rao, Amrita and Comins, Carly and Schwartz, Sheree and Hausler, Harry and Young, Katherine and Mcingana, Mfezi and Guddera, Vijayanand and Matse, Sindy and Mnisi, Zandile and Mishra Sharmistha},
  booktitle = {Conference on Retroviruses and Opportunistic Infections - CROI},
  title = {{Who is left in 10-10-10? Importance of reaching key populations with the HIV cascade [Poster]}},
  url = {http://www.croiconference.org/sessions/who-left-10-10-10-importance-reaching-key-populations-hiv-cascade},
  year = {2019},
  month = {mar}
}

@article{Eaton2014,
 author = {Eaton, Jeffrey W. and Hallett, Timothy B.},
 doi = {10.1073/pnas.1323007111},
 journal = {Proceedings of the National Academy of Sciences},
 month = {nov},
 number = {45},
 pages = {16202--16207},
 pmid = {25313068},
 publisher = {National Academy of Sciences},
 title = {{Why the proportion of transmission during early-stage HIV infection does not predict the long-term impact of treatment on HIV incidence}},
 url = {http://www.pnas.org/content/111/45/16202 http://www.pnas.org/lookup/doi/10.1073/pnas.1323007111},
 volume = {111},
 year = {2014}
}

@article{Garnett1994,
 author = {Garnett, Geoffrey P. and Anderson, Roy M.},
 doi = {10.1093/imammb/11.3.161},
 journal = {Mathematical Medicine and Biology},
 month = {jan},
 number = {3},
 pages = {161--192},
 pmid = {7822888},
 publisher = {Oxford University Press},
 title = {{Balancing sexual partnerships in an age and activity stratified model of HIV transmission in heterosexual populations}},
 url = {https://academic.oup.com/imammb/article-lookup/doi/10.1093/imammb/11.3.161},
 volume = {11},
 year = {1994}
}

@article{Granich2009,
 author = {Granich, Reuben M and Gilks, Charles F and Dye, Christopher and {De Cock}, Kevin M and Williams, Brian G},
 doi = {10.1016/S0140-6736(08)61697-9},
 journal = {The Lancet},
 month = {jan},
 number = {9657},
 pages = {48--57},
 pmid = {19038438},
 title = {{Universal voluntary HIV testing with immediate antiretroviral therapy as a strategy for elimination of HIV transmission: a mathematical model}},
 url = {http://www.ncbi.nlm.nih.gov/pubmed/19038438 http://linkinghub.elsevier.com/retrieve/pii/S0140673608616979},
 volume = {373},
 year = {2009}
}

@article{Henry2015,
 author = {Henry, Christopher J. and Koopman, James S.},
 doi = {10.1038/srep09467},
 journal = {Scientific Reports},
 month = {aug},
 number = {1},
 pages = {9467},
 pmid = {25902018},
 title = {{Strong influence of behavioral dynamics on the ability of testing and treating HIV to stop transmission}},
 url = {http://www.ncbi.nlm.nih.gov/pubmed/25902018 http://www.pubmedcentral.nih.gov/articlerender.fcgi?artid=PMC5386110 http://www.nature.com/articles/srep09467},
 volume = {5},
 year = {2015}
}

@article{Kerr2015,
 author = {Kerr, Cliff C. and Stuart, Robyn M. and Gray, Richard T. and Shattock, Andrew J. and Fraser-Hurt, Nicole and Benedikt, Clemens and Haacker, Markus and Berdnikov, Maxim and Mahmood, Ahmed Mohamed and Jaber, Seham Abdalla and Gorgens, Marelize and Wilson, David P.},
 doi = {10.1097/QAI.0000000000000605},
 journal = {Journal of Acquired Immune Deficiency Syndromes},
 month = {jul},
 number = {3},
 pages = {365--376},
 title = {{Optima: A Model for HIV Epidemic Analysis, Program Prioritization, and Resource Optimization}},
 url = {http://content.wkhealth.com/linkback/openurl?sid=WKPTLP:landingpage{\&}an=00126334-201507010-00017},
 volume = {69},
 year = {2015}
}

@article{MaheuGiroux2017,
 author = {Maheu-Giroux, Mathieu and Vesga, Juan F. and Diabat{\'{e}}, Souleymane and Alary, Michel and Baral, Stefan and Diouf, Daouda and Abo, Kouam{\'{e}} and Boily, Marie Claude},
 doi = {10.1371/journal.pmed.1002321},
 journal = {PLoS Medicine},
 month = {jun},
 number = {6},
 pages = {e1002321},
 pmid = {28617810},
 publisher = {Public Library of Science},
 title = {{Population-level impact of an accelerated HIV response plan to reach the UNAIDS 90-90-90 target in C{\^{o}}te d'Ivoire: Insights from mathematical modeling}},
 url = {http://dx.plos.org/10.1371/journal.pmed.1002321},
 volume = {14},
 year = {2017}
}

@article{Moghadas2003,
 author = {Moghadas, Seyed M. and Gumel, Abba B. and McLeod, Robert G. and Gordon, Richard},
 doi = {10.1080/10273660412331315147},
 journal = {Journal of Theoretical Medicine},
 month = {sep},
 number = {3-4},
 pages = {171--181},
 title = {{Could condoms stop the AIDS epidemic?}},
 volume = {5},
 year = {2003}
}

@article{Mukandavire2018,
 author = {Mukandavire, Christinah and Walker, Josephine and Schwartz, Sheree and Boily, Marie-Claude and Danon, Leon and Lyons, Carrie and Diouf, Daouda and Liestman, Ben and Diouf, Nafissatou Leye and Drame, Fatou and Coly, Karleen and Muhire, Remy Serge Manzi and Thiam, Safiatou and Diallo, Papa Amadou Niang and Kane, Coumba Toure and Ndour, Cheikh and Volz, Erik and Mishra, Sharmistha and Baral, Stefan and Vickerman, Peter},
 doi = {10.1002/jia2.25126},
 journal = {Journal of the International AIDS Society},
 month = {jul},
 pages = {e25126},
 pmid = {30033604},
 title = {{Estimating the contribution of key populations towards the spread of HIV in Dakar, Senegal}},
 url = {http://www.ncbi.nlm.nih.gov/pubmed/30033604 http://www.pubmedcentral.nih.gov/articlerender.fcgi?artid=PMC6055131 http://doi.wiley.com/10.1002/jia2.25126},
 volume = {21},
 year = {2018}
}

@misc{Gupta2017,
 author = {Gupta, Somya and Granich, Reuben},
 booktitle = {Journal of the International Association of Providers of AIDS Care},
 doi = {10.1177/2325957416686195},
 month = {mar},
 number = {2},
 pages = {125--132},
 pmid = {28090799},
 publisher = {SAGE Publications Inc.},
 title = {{National HIV Care Continua for Key Populations}},
 url = {http://journals.sagepub.com/doi/10.1177/2325957416686195},
 volume = {16},
 year = {2017}
}

@techreport{WHO2014HIVKP,
 author = {WHO},
 title = {{Consolidated Guidelines on HIV Prevention, Diagnosis, Treatment and Care for Key Populations}},
 url = {https://apps.who.int/iris/bitstream/handle/10665/128048/9789241507431{\_}eng.pdf},
 year = {2014}
}

@misc{Kurth2011,
 author = {Kurth, Ann E. and Celum, Connie and Baeten, Jared M. and Vermund, Sten H. and Wasserheit, Judith N.},
 booktitle = {Current HIV/AIDS Reports},
 doi = {10.1007/s11904-010-0063-3},
 month = {mar},
 number = {1},
 pages = {62--72},
 publisher = {Springer},
 title = {{Combination HIV prevention: Significance, challenges, and opportunities}},
 volume = {8},
 year = {2011}
}

@misc{Pettifor2012,
 author = {Pettifor, Audrey and MacPhail, Catherine and Nguyen, Nadia and Rosenberg, Molly},
 booktitle = {AIDS and Behavior},
 doi = {10.1007/s10461-012-0240-z},
 month = {oct},
 number = {7},
 pages = {1729--1738},
 publisher = {Springer},
 title = {{Can money prevent the spread of HIV? A review of cash payments for HIV prevention}},
 volume = {16},
 year = {2012}
}

@article{Anderson1986,
 author = {Anderson, R. M. and Medley, G. F. and May, R. M. and Johnson, A. M.},
 doi = {10.1093/imammb/3.4.229},
 journal = {Mathematical Medicine and Biology},
 month = {jan},
 number = {4},
 pages = {229--263},
 pmid = {3453839},
 publisher = {Oxford University Press},
 title = {{A preliminary study of the transmission dynamics of the Human Immunodeficiency Virus (HIV), the causative agent of AIDS}},
 url = {https://academic.oup.com/imammb/article-lookup/doi/10.1093/imammb/3.4.229},
 volume = {3},
 year = {1986}
}

@article{Granich2009,
 author = {Granich, Reuben M and Gilks, Charles F and Dye, Christopher and {De Cock}, Kevin M and Williams, Brian G},
 doi = {10.1016/S0140-6736(08)61697-9},
 journal = {The Lancet},
 month = {jan},
 number = {9657},
 pages = {48--57},
 pmid = {19038438},
 title = {{Universal voluntary HIV testing with immediate antiretroviral therapy as a strategy for elimination of HIV transmission: a mathematical model}},
 url = {http://www.ncbi.nlm.nih.gov/pubmed/19038438 http://linkinghub.elsevier.com/retrieve/pii/S0140673608616979},
 volume = {373},
 year = {2009}
}

@article{Carael2006,
 author = {Carael, M. and Slaymaker, E. and Lyerla, R. and Sarkar, S.},
 doi = {10.1136/sti.2006.021196},
 journal = {Sexually Transmitted Infections},
 month = {jun},
 number = {SUPPL. III},
 pages = {iii26--iii33},
 publisher = {The Medical Society for the Study of Venereal Disease},
 title = {{Clients of sex workers in different regions of the world: Hard to count}},
 volume = {82},
 year = {2006}
}

@article{Boily2015,
 author = {Boily, Marie Claude and Pickles, Michael and Alary, Michel and Baral, Stefan and Blanchard, James and Moses, Stephen and Vickerman, Peter and Mishra, Sharmistha},
 doi = {10.1097/QAI.0000000000000437},
 journal = {Journal of Acquired Immune Deficiency Syndromes},
 month = {mar},
 pages = {S74--S82},
 pmid = {25723994},
 title = {{What really is a concentrated HIV epidemic and what does it mean for West and Central Africa? Insights from mathematical modeling}},
 url = {http://www.ncbi.nlm.nih.gov/pubmed/25723994},
 volume = {68},
 year = {2015}
}

@article{Kakehashi1998,
 author = {Kakehashi, M},
 doi = {10.1093/imammb/16.1.111},
 journal = {IMA journal of mathematics applied in medicine and biology},
 month = {dec},
 number = {4},
 pages = {299--311},
 pmid = {9951712},
 publisher = {IMA J Math Appl Med Biol},
 title = {{A mathematical analysis of the spread of HIV/AIDS in Japan.}},
 url = {http://www.ncbi.nlm.nih.gov/pubmed/9951712},
 volume = {15},
 year = {1998}
}

@article{Mishra2014,
  author = {Mishra, Sharmistha and Pickles, Michael and Blanchard, James F. and Moses, Stephen and Shubber, Zara and Boily, Marie Claude},
  doi = {10.1371/journal.pone.0101690},
  journal = {PLoS ONE},
  month = {jul},
  number = {7},
  publisher = {Public Library of Science},
  title = {{Validation of the modes of transmission model as a tool to prioritize HIV prevention targets: A comparative modelling analysis}},
  volume = {9},
  year = {2014}
}

@article{Cremin2013,
 author = {Cremin, Ide and Alsallaq, Ramzi and Dybul, Mark and Piot, Peter and Garnett, Geoffrey and Hallett, Timothy B.},
 doi = {10.1097/QAD.0b013e32835ca2dd},
 journal = {AIDS},
 month = {jan},
 number = {3},
 pages = {447--458},
 pmid = {23296196},
 title = {{The new role of antiretrovirals in combination HIV prevention: A mathematical modelling analysis}},
 url = {http://www.ncbi.nlm.nih.gov/pubmed/23296196 http://content.wkhealth.com/linkback/openurl?sid=WKPTLP:landingpage{\&}an=00002030-201301280-00015},
 volume = {27},
 year = {2013}
}

@article{Goodreau2007,
 author = {Goodreau, Steven M and Golden, Matthew R},
 doi = {10.1136/sti.2007.025627},
 journal = {Sexually Transmitted Infections},
 month = {oct},
 number = {6},
 pages = {458--462},
 pmid = {17855487},
 publisher = {BMJ Publishing Group},
 title = {{Biological and demographic causes of high HIV and sexually transmitted disease prevalence in men who have sex with men}},
 url = {http://www.ncbi.nlm.nih.gov/pubmed/17855487},
 volume = {83},
 year = {2007}
}

@article{Alam2013,
 author = {Alam, Shah Jamal and Zhang, Xinyu and Romero-Severson, Ethan Obie and Henry, Christopher and Zhong, Lin and Volz, Erik M. and Brenner, Bluma G. and Koopman, James S.},
 doi = {10.1016/j.epidem.2012.11.003},
 journal = {Epidemics},
 month = {mar},
 number = {1},
 pages = {44--55},
 publisher = {Elsevier},
 title = {{Detectable signals of episodic risk effects on acute HIV transmission: Strategies for analyzing transmission systems using genetic data}},
 url = {https://www.sciencedirect.com/science/article/pii/S1755436512000539?via{\%}3Dihub{\#}fig0005},
 volume = {5},
 year = {2013}
}

@article{Vickerman2010,
 author = {Vickerman, Peter and Foss, Anna M and Pickles, Michael and Deering, Kathleen and Verma, Supriya and {Eric Demers} and Lowndes, Catherine M and Moses, Stephen and Alary, Michel and Boily, Marie-Claude},
 doi = {10.1097/QAD.0b013e32833e8663},
 journal = {AIDS},
 month = {oct},
 number = {16},
 pages = {2563--2572},
 title = {{To what extent is the HIV epidemic in southern India driven by commercial sex? A modelling analysis}},
 url = {https://insights.ovid.com/crossref?an=00002030-201010230-00016},
 volume = {24},
 year = {2010}
}

@article{Anderson2014,
 author = {Anderson, Sarah Jane and Cherutich, Peter and Kilonzo, Nduku and Cremin, Ide and Fecht, Daniela and Kimanga, Davies and Harper, Malayah and Masha, Ruth Laibon and Ngongo, Prince Bahati and Maina, William and Dybul, Mark and Hallett, Timothy B.},
 doi = {10.1016/S0140-6736(14)61053-9},
 journal = {The Lancet},
 month = {jul},
 number = {9939},
 pages = {249--256},
 publisher = {Elsevier},
 title = {{Maximising the effect of combination HIV prevention through prioritisation of the people and places in greatest need: A modelling study}},
 url = {https://www-sciencedirect-com.myaccess.library.utoronto.ca/science/article/pii/S0140673614610539},
 volume = {384},
 year = {2014}
}

@article{Goodreau2012,
 author = {Goodreau, Steven M. and Carnegie, Nicole B. and Vittinghoff, Eric and Lama, Javier R. and Sanchez, Jorge and Grinsztejn, Beatriz and Koblin, Beryl A. and Mayer, Kenneth H. and Buchbinder, Susan P.},
 doi = {10.1371/journal.pone.0050522},
 journal = {PLoS ONE},
 month = {nov},
 number = {11},
 pages = {e50522},
 publisher = {Public Library of Science},
 title = {{What Drives the US and Peruvian HIV Epidemics in Men Who Have Sex with Men (MSM)?}},
 url = {https://dx.plos.org/10.1371/journal.pone.0050522},
 volume = {7},
 year = {2012}
}

@article{Punyacharoensin2016,
 author = {Punyacharoensin, Narat and Edmunds, William John and {De Angelis}, Daniela and Delpech, Valerie and Hart, Graham and Elford, Jonathan and Brown, Alison and Gill, O Noel and White, Richard Guy},
 doi = {10.1016/S2352-3018(15)00056-9},
 journal = {The Lancet HIV},
 month = {feb},
 number = {2},
 pages = {e94--e104},
 title = {{Effect of pre-exposure prophylaxis and combination HIV prevention for men who have sex with men in the UK: A mathematical modelling study}},
 url = {https://linkinghub.elsevier.com/retrieve/pii/S2352301815000569},
 volume = {3},
 year = {2016}
}

@article{Deering2008,
 author = {Deering, Kathleen N. and Vickerman, Peter and Moses, Stephen and Ramesh, Banadakoppa M. and Blanchard, James F. and Boily, Marie Claude},
 doi = {10.1097/01.aids.0000343774.59776.95},
 journal = {AIDS},
 month = {dec},
 number = {SUPPL. 5},
 publisher = {AIDS},
 title = {{The impact of out-migrants and out-migration on the HIV/AIDS epidemic: A case study from south-west India}},
 volume = {22},
 year = {2008}
}

