@article{Abu-Raddad2014,
 author = {Abu-Raddad, J. and Awa, F.},
 journal = {AIDS},
 number = {6},
 pages = {927--929},
 title = {How does population viral load vary with the evolution of a large HIV epidemic in sub-Saharan Africa?},
 url = {http://www.AIDSonline.com},
 volume = {28},
 year = {2014}
}

@article{Akudibillah2017,
 author = {Akudibillah, G. and Pandey, A. and Medlock, J.},
 journal = {Epidemiology and Infection},
 number = {5},
 pages = {942--956},
 title = {Maximizing the benefits of ART and PrEP in resource-limited settings},
 url = {http://journals.cambridge.org/action/displayJournal?jid=HYG},
 volume = {145},
 year = {2017}
}

@article{Alistar2014a,
 author = {Alistar, S. and Long, F. and Brandeau, L. and Beck, J.},
 journal = {Health care management science},
 number = {2},
 pages = {162--181},
 title = {HIV epidemic control-a model for optimal allocation of prevention and treatment resources},
 volume = {17},
 year = {2014}
}

@article{Alsallaq2017,
 author = {Alsallaq, A. and Buttolph, J. and Cleland, M. and Hallett, T. and Inwani, I. and Agot, K. and Kurth, E.},
 journal = {PLoS ONE},
 number = {4},
 pages = {e0175447},
 title = {The potential impact and cost of focusing HIV prevention on young women and men: A modeling analysis in western Kenya},
 url = {http://journals.plos.org/plosone/article/file?id=10.1371/journal.pone.0175447&type=printable},
 volume = {12},
 year = {2017}
}

@article{Anderson2014,
 author = {Anderson, J. and Cherutich, P. and Kilonzo, N. and Cremin, I. and Fecht, D. and Kimanga, D. and Harper, M. and Masha, L. and Ngongo, B. and Maina, W. and Dybul, M. and Hallett, B.},
 journal = {The Lancet},
 number = {9939},
 pages = {249--256},
 title = {Maximising the effect of combination HIV prevention through prioritisation of the people and places in greatest need: A modelling study},
 url = {http://www.journals.elsevier.com/the-lancet/},
 volume = {384},
 year = {2014}
}

@article{Anderson2017,
 author = {Anderson, J. and Ghys, D. and Ombam, R. and Hallett, B.},
 journal = {Journal of the International AIDS Society},
 number = {4},
 pages = {e25020},
 title = {HIV prevention where it is needed most: Comparison of strategies for the geographical allocation of interventions: Comparison},
 url = {http://www.jiasociety.org/index.php/jias/issue/archive},
 volume = {20},
 year = {2017}
}

@article{Anderson2018,
 author = {Anderson, J. and Ghys, D. and Ombam, R. and Hallett, B.},
 journal = {Journal of the International AIDS Society},
 number = {3},
 pages = {e25087},
 title = {Frontloading HIV financing maximizes the achievable impact of hiv prevention},
 url = {http://onlinelibrary.wiley.com/journal/10.7448/(ISSN)1758-2652},
 volume = {21},
 year = {2018}
}

@article{Anderson2018a,
 author = {Anderson, J. and Garnett, P. and Enstone, J. and Hallett, B.},
 journal = {Journal of the International AIDS Society},
 number = {11},
 pages = {e25203},
 title = {The importance of local epidemic conditions in monitoring progress towards HIV epidemic control in Kenya: a modelling study},
 url = {http://onlinelibrary.wiley.com/journal/10.7448/(ISSN)1758-2652},
 volume = {21},
 year = {2018}
}

@article{Atun2016,
 author = {Atun, Rifat and Chang, Angela Y. and Ogbuoji, Osondu and Silva, Sachin and Resch, Stephen and Hontelez, Jan and Barnighausen, Till},
 journal = {BMJ open},
 number = {3},
 pages = {e009656},
 title = {Long-term financing needs for HIV control in sub-Saharan Africa in 2015-2050: a modelling study.},
 volume = {6},
 year = {2016}
}

@article{Bacaer2008,
 author = {Bacaer, N. and Ouifki, R. and Pretorius, C. and Wood, R. and Williams, B.},
 journal = {Journal of Mathematical Biology},
 number = {4},
 pages = {557--593},
 title = {Modeling the joint epidemics of TB and HIV in a South African township},
 volume = {57},
 year = {2008}
}

@article{Baggaley2006,
 author = {Baggaley, Rebecca F. and Garnett, Geoff P. and Ferguson, Niel M.},
 journal = {PLoS medicine},
 number = {4},
 pages = {493--504},
 title = {Modelling the Impact of Antiretroviral Use in Resource-Poor Settings},
 volume = {3},
 year = {2006}
}

@article{Barnighausen2012,
 author = {Barnighausen, T. and Bloom, D. and Humair, S.},
 journal = {Journal of the International AIDS Society},
 number = {SUPPL. 3},
 pages = {163},
 title = {Is treatment as prevention the new game-changer?: Costs and effectiveness},
 volume = {15},
 year = {2012}
}

@article{Beacroft2019a,
 author = {Beacroft, Leo and Hallett, Timothy B.},
 journal = {Global health research and policy},
 pages = {2},
 title = {The potential impact of a "curative intervention" for HIV: a modelling study.},
 volume = {4},
 year = {2019}
}

@article{Bekker2015,
 author = {Bekker, G. and Johnson, L. and Cowan, F. and Overs, C. and Besada, D. and Hillier, S. and Cates, W.},
 journal = {The Lancet},
 number = {9962},
 pages = {72--87},
 title = {Combination HIV prevention for female sex workers: What is the evidence?},
 url = {http://www.journals.elsevier.com/the-lancet/},
 volume = {385},
 year = {2015}
}

@article{Blaizot2015,
 author = {Blaizot, S. and Riche, B. and Maman, D. and Mukui, I. and Kirubi, B. and Etard, F. and Ecochard, R.},
 journal = {PLoS ONE},
 number = {6},
 pages = {e0130387},
 title = {Estimation and short-term prediction of the course of the HIV epidemic using demographic and health survey methodology-like data},
 url = {http://www.plosone.org/article/fetchObject.action?uri=info:doi/10.1371/journal.pone.0130387&representation=PDF},
 volume = {10},
 year = {2015}
}

@article{Braithwaite2014,
 author = {Braithwaite, S. and Nucifora, A. and Kessler, A. and Toohey, C. and Li, L. and Mentor, M. and Uhler, M. and Roberts, S. and Galvani, A. and Bryant, K.},
 journal = {Alcoholism: Clinical and Experimental Research},
 number = {SUPPL. 1},
 pages = {71A},
 title = {Howinexpensive does an alcohol intervention in kenya need to be to deliver favorable value by reducing HIV-related morbidity andmortality?},
 volume = {38},
 year = {2014}
}

@article{Chigidi2009,
 author = {Chigidi, E. and Lungu, M.},
 journal = {Mathematical Biosciences and Engineering},
 number = {3},
 pages = {427--450},
 title = {Hiv model incorporating differential progression for treatment-naive and treatment-experienced infectives},
 volume = {6},
 year = {2009}
}

@article{Chiu2017,
 author = {Chiu, C. and Johnson, F. and Jamieson, L. and Larson, A. and Meyer-Rath, G.},
 journal = {BMC public health},
 number = {1},
 pages = {143},
 title = {Designing an optimal HIV programme for South Africa: Does the optimal package change when diminishing returns are considered?},
 volume = {17},
 year = {2017}
}

@article{Cori2014,
 author = {Cori, A. and Ayles, H. and Beyers, N. and Schaap, A. and Floyd, S. and Sabapathy, K. and Eaton, W. and Hauck, K. and Smith, P. and Griffith, S. and Moore, A. and Donnell, D. and Vermund, H. and Fidler, S. and Hayes, R. and Fraser, C.},
 journal = {PLoS ONE},
 number = {1},
 pages = {e84511},
 title = {HPTN 071 (PopART): A cluster-randomized trial of the population impact of an HIV combination prevention intervention including universal testing and treatment: Mathematical model},
 url = {http://www.plosone.org/article/fetchObject.action?uri=info%3Adoi%2F10.1371%2Fjournal.pone.0084511&representation=PDF},
 volume = {9},
 year = {2014}
}

@article{Cremin2017,
 author = {Cremin, I. and McKinnon, L. and Kimani, J. and Cherutich, P. and Gakii, G. and Muriuki, F. and Kripke, K. and Hecht, R. and Kiragu, M. and Smith, J. and Hinsley, W. and Gelmon, L. and Hallett, B.},
 journal = {The Lancet HIV},
 number = {5},
 pages = {e214-e222},
 title = {PrEP for key populations in combination HIV prevention in Nairobi: a mathematical modelling study},
 url = {http://www.journals.elsevier.com/the-lancet-hiv/},
 volume = {4},
 year = {2017}
}

@article{Decker2013,
 author = {Decker, Michele R. and Wirtz, Andrea L. and Pretorius, Carel and Sherman, Susan G. and Sweat, Michael D. and Baral, Stefan D. and Beyrer, Chris and Kerrigan, Deanna L.},
 journal = {American journal of reproductive immunology (New York, N.Y. : 1989)},
 pages = {122--32},
 title = {Estimating the impact of reducing violence against female sex workers on HIV epidemics in Kenya and Ukraine: a policy modeling exercise.},
 volume = {69 Suppl 1},
 year = {2013}
}

@article{Fraser2015,
 author = {Fraser, N. and Kerr, C. and Harouna, Z. and Alhousseini, Z. and Cheikh, N. and Gray, R. and Shattock, A. and Wilson, P. and Haacker, M. and Shubber, Z. and Masaki, E. and Karamoko, D. and Gorgens, M.},
 journal = {Journal of Acquired Immune Deficiency Syndromes},
 number = {Supplement 2},
 pages = {S213-S220},
 title = {Reorienting the HIV response in Niger toward sex work interventions: From better evidence to targeted and expanded practice},
 url = {http://journals.lww.com/jaids/pages/default.aspx},
 volume = {68},
 year = {2015}
}

@article{Hove-Musekwa2014,
 author = {Hove-Musekwa, Senelani D. and Nyabadza, Farai and Mambili-Mamboundou, Hermane and Chiyaka, Christinah and Mukandavire, Zindoga},
 journal = {International scholarly research notices},
 pages = {836439},
 title = {Cost-Effectiveness Analysis of Hospitalization and Home-Based Care Strategies for People Living with HIV/AIDS: The Case of Zimbabwe.},
 volume = {2014},
 year = {2014}
}

@article{Johnson2006,
 author = {Johnson, Leigh F. and Dorrington, Rob E.},
 journal = {Demographic Research},
 pages = {541--574},
 title = {Modelling the demographic impact of HIV/AIDS in South Africa and the likely impact of interventions},
 volume = {14},
 year = {2006}
}

@article{Johnson2016,
 author = {Johnson, F. and Chiu, C. and Myer, L. and Davies, A. and Dorrington, E. and Bekker, G. and Boulle, A. and Meyer-Rath, G.},
 journal = {Global health action},
 pages = {30314},
 title = {Prospects for HIV control in South Africa: a model-based analysis},
 volume = {9},
 year = {2016}
}

@article{Johnson2017b,
 author = {Johnson, F. and May, T. and Dorrington, E. and Cornell, M. and Boulle, A. and Egger, M. and Davies, A.},
 journal = {PLoS Medicine},
 number = {12},
 pages = {e1002468},
 title = {Estimating the impact of antiretroviral treatment on adult mortality trends in South Africa: A mathematical modelling study},
 url = {http://medicine.plosjournals.org/perlserv/?request=index-html&issn=1549-1676},
 volume = {14},
 year = {2017}
}

@article{Kassa2015,
 author = {Kassa, M. and Ouhinou, A.},
 journal = {Journal of mathematical biology},
 number = {1-2},
 pages = {213--236},
 title = {The impact of self-protective measures in the optimal interventions for controlling infectious diseases of human population},
 volume = {70},
 year = {2015}
}

@article{Kerr2015,
 author = {Kerr, C. and Stuart, M. and Gray, T. and Shattock, J. and Fraser-Hurt, N. and Benedikt, C. and Haacker, M. and Berdnikov, M. and Mahmood, M. and Jaber, A. and Gorgens, M. and Wilson, P.},
 journal = {Journal of Acquired Immune Deficiency Syndromes},
 number = {3},
 pages = {365--376},
 title = {Optima: A Model for HIV Epidemic Analysis, Program Prioritization, and Resource Optimization},
 url = {http://journals.lww.com/jaids/pages/default.aspx},
 volume = {69},
 year = {2015}
}

@article{Knight2015,
 author = {Knight, G.M. and Dodd, P.J. and Grant, A.D. and Fielding, K.L. and Churchyard, G.J. and White, R.G.},
 journal = {PLoS ONE},
 number = {4},
 pages = {e0122514},
 title = {Tuberculosis Prevention in South Africa},
 volume = {10},
 year = {2015}
}

@article{Korenromp2015,
 author = {Korenromp, L. and Gobet, B. and Fazito, E. and Lara, J. and Bollinger, L. and Stover, J.},
 journal = {PLoS ONE},
 number = {11},
 pages = {e0142908},
 title = {Impact and cost of the HIV/AIDS national strategic plan for Mozambique, 2015-2019-projections with the spectrum/goals model},
 url = {http://www.plosone.org/article/fetchObject.action?uri=info:doi/10.1371/journal.pone.0142908&representation=PDF},
 volume = {10},
 year = {2015}
}

@article{Maheu-Giroux2019,
 author = {Maheu-Giroux, M. and Diabate, S. and Boily, C. and Jean-Paul, N. and Vesga, F. and Baral, S. and Abo, K. and Wognin, V. and Diouf, D. and Alary, M.},
 journal = {Journal of Acquired Immune Deficiency Syndromes},
 number = {5},
 pages = {503--512},
 title = {Cost-Effectiveness of Accelerated HIV Response Scenarios in Cote d'Ivoire},
 url = {http://journals.lww.com/jaids/pages/default.aspx},
 volume = {80},
 year = {2019}
}

@article{McGillen2016,
 author = {McGillen, J. and Anderson, J. and Hallett, T.},
 journal = {Topics in Antiviral Medicine},
 number = {E-1},
 pages = {454--455},
 title = {Optimizing resource allocation to reduce HIV incidence across sub-Saharan Africa},
 url = {http://www.iasusa.org/sites/default/files/tam/24-e1-4.pdf},
 volume = {24},
 year = {2016}
}

@article{McGillen2017,
 author = {McGillen, B. and Sharp, A. and Honermann, B. and Millett, G. and Collins, C. and Hallett, B.},
 journal = {AIDS},
 number = {18},
 pages = {F19-F23},
 title = {Consequences of a changing US strategy in the global HIV investment landscape},
 url = {http://www.AIDSonline.com},
 volume = {31},
 year = {2017}
}

@article{Nichols2014b,
 author = {Nichols, E. and Sigaloff, C. and Kityo, C. and Hamers, L. and Baltussen, R. and Bertagnolio, S. and Jordan, R. and Hallett, B. and Boucher, A. and de Wit, F. and van de Vijver, A.},
 journal = {Journal of the International AIDS Society},
 pages = {19164},
 title = {Increasing the use of second-line therapy is a cost-effective approach to prevent the spread of drug-resistant HIV: a mathematical modelling study},
 volume = {17},
 year = {2014}
}

@article{Nyabadza2011,
 author = {Nyabadza, F. and Mukandavire, Z.},
 journal = {Journal of Theoretical Biology},
 number = {1},
 pages = {167--179},
 title = {Modelling HIV/AIDS in the presence of an HIV testing and screening campaign},
 volume = {280},
 year = {2011}
}

@article{Omondi2018,
 author = {Omondi, E.O. and Mbogo, R.W. and Luboobi, L.S.},
 journal = {Letters in Biomathematics},
 number = {1},
 pages = {174--194},
 title = {Mathematical analysis of sex-structured population model of HIV infection in Kenya},
 volume = {5},
 year = {2018}
}

@article{Omondi2019,
 author = {Omondi, O. and Mbogo, W. and Luboobi, S.},
 journal = {Infectious Disease Modelling},
 pages = {83--98},
 title = {A mathematical modelling study of HIV infection in two heterosexual age groups in Kenya},
 url = {http://www.keaipublishing.com/en/journals/infectious-disease-modelling/},
 volume = {4},
 year = {2019}
}

@article{Reidy2019,
 author = {Reidy, M. and Gardiner, E. and Pretorius, C. and Glaubius, R. and Torjesen, K. and Kripke, K.},
 journal = {PLoS ONE},
 number = {6},
 pages = {e0218710},
 title = {Evaluating the potential impact and cost-effectiveness of dapivirine vaginal ring pre-exposure prophylaxis for HIV prevention},
 url = {https://journals.plos.org/plosone/article/file?id=10.1371/journal.pone.0218710&type=printable},
 volume = {14},
 year = {2019}
}

@article{Ross2018,
 author = {Ross, Jennifer M. and Ying, Roger and Celum, Connie L. and Baeten, Jared M. and Thomas, Katherine K. and Murnane, Pamela M. and van Rooyen, Heidi and Hughes, James P. and Barnabas, Ruanne V.},
 journal = {Epidemics},
 pages = {34--41},
 title = {Modeling HIV disease progression and transmission at population-level: The potential impact of modifying disease progression in HIV treatment programs.},
 volume = {23},
 year = {2018}
}

@article{Shafer2014,
 author = {Shafer, A. and Nsubuga, N. and Chapman, R. and O'Brien, K. and Mayanja, N. and White, G.},
 journal = {Sexually Transmitted Infections},
 number = {5},
 pages = {423--429},
 title = {The dual impact of antiretroviral therapy and sexual behaviour changes on HIV epidemiologic trends in Uganda: A modelling study},
 url = {http://sti.bmj.com/content/90/5/423.full.pdf+html},
 volume = {90},
 year = {2014}
}

@article{Shannon2015,
 author = {Shannon, K. and Strathdee, A. and Goldenberg, M. and Duff, P. and Mwangi, P. and Rusakova, M. and Reza-Paul, S. and Lau, J. and Deering, K. and Pickles, R. and Boily, C.},
 journal = {The Lancet},
 number = {9962},
 pages = {55--71},
 title = {Global epidemiology of HIV among female sex workers: Influence of structural determinants},
 url = {http://www.journals.elsevier.com/the-lancet/},
 volume = {385},
 year = {2015}
}

@article{Sharma2016,
 author = {Sharma, M. and Farquhar, C. and Ying, R. and Krakowiak, D. and Kinuthia, J. and Osoti, A. and Asila, V. and Gone, M. and Mark, J. and Barnabas, R.},
 journal = {AIDS Research and Human Retroviruses},
 number = {Supplement 1},
 pages = {300},
 title = {Modeling the cost-effectiveness of homebased HIV testing and education (HOPE) for pregnant women and their male partners in Nyanza Province, Kenya},
 volume = {32},
 year = {2016}
}

@article{Shattock2016,
 author = {Shattock, J. and Kerr, C. and Stuart, M. and Masaki, E. and Fraser, N. and Benedikt, C. and Gorgens, M. and Wilson, P. and Gray, T.},
 journal = {Journal of the International AIDS Society},
 number = {1},
 pages = {20627},
 title = {In the interests of time: Improving HIV allocative efficiency modelling via optimal time-varying allocations},
 url = {http://www.jiasociety.org/index.php/jias/article/view/20627/pdf_1},
 volume = {19},
 year = {2016}
}

@article{Smith2016,
 author = {Smith, A. and Anderson, J. and Harris, L. and McGillen, B. and Lee, E. and Garnett, P. and Hallett, B.},
 journal = {The Lancet HIV},
 number = {7},
 pages = {e289-e296},
 title = {Maximising HIV prevention by balancing the opportunities of today with the promises of tomorrow: a modelling study},
 url = {http://www.journals.elsevier.com/the-lancet-hiv/},
 volume = {3},
 year = {2016}
}

@article{Stevens2018,
 author = {Stevens, R. and Li, L. and Nucifora, A. and Zhou, Q. and McNairy, L. and Gachuhi, A. and Lamb, R. and Nuwagaba-Biribonwoha, H. and Sahabo, R. and Okello, V. and El-Sadr, M. and Scott Braithwaite, R.},
 journal = {PLoS ONE},
 number = {9},
 pages = {e0204245},
 title = {Cost-effectiveness of a combination strategy to enhance the HIV care continuum in Swaziland: Link4health},
 url = {https://journals.plos.org/plosone/article/file?id=10.1371/journal.pone.0204245&type=printable},
 volume = {13},
 year = {2018}
}

@article{Stopard2019,
 author = {Stopard, J. and McGillen, B. and Hauck, K. and Hallett, B.},
 journal = {AIDS},
 number = {7},
 pages = {1241--1246},
 title = {The influence of constraints on the efficient allocation of resources for HIV prevention},
 url = {http://www.AIDSonline.com},
 volume = {33},
 year = {2019}
}

@article{Stover2014,
 author = {Stover, John and Hallett, Timothy B. and Wu, Zunyou and Warren, Mitchell and Gopalappa, Chaitra and Pretorius, Carel and Ghys, Peter D. and Montaner, Julio and Schwartländer, Bernhard},
 journal = {PLoS one},
 number = {11},
 pages = {e111956},
 title = {How Can We Get Close to Zero? The Potential Contribution of Biomedical Prevention and the Investment Framework towards an Effective Response to HIV},
 volume = {9},
 year = {2014}
}

@article{Stuart2017,
 author = {Stuart, M. and Kerr, C. and Haghparast-Bidgoli, H. and Estill, J. and Grobicki, L. and Baranczuk, Z. and Prieto, L. and Montanez, V. and Reporter, I. and Gray, T. and Skordis-Worrall, J. and Keiser, O. and Cheikh, N. and Boonto, K. and Osornprasop, S. and Lavadenz, F. and Benedikt, J. and Martin-Hughes, R. and Hussain, A. and Kelly, L. and Kedziora, J. and Wilson, P.},
 journal = {PLoS ONE},
 number = {10},
 pages = {e0185077},
 title = {Getting it right when budgets are tight: Using optimal expansion pathways to prioritize responses to concentrated and mixed HIV epidemics},
 url = {http://journals.plos.org/plosone/article/file?id=10.1371/journal.pone.0185077&type=printable},
 volume = {12},
 year = {2017}
}

@article{Wagner2013,
 author = {Wagner, G. and Coburn, J. and Blower, S.},
 journal = {Mathematical Biosciences and Engineering},
 number = {5-6},
 pages = {1673--1686},
 title = {Increasing survival time decreases the cost-effectiveness of using "test \& treat" to eliminate HIV epidemics},
 volume = {10},
 year = {2013}
}

@article{Williams2010,
 author = {Williams, H. and Grubb, A. and Davis, W. and Wang, S. and Jolly, E. and Ankrah, A. and Ellis, O. and Afriyie-Gyawu, E. and Johnson, M. and Robinson, G. and Phillips, D.},
 journal = {American Journal of Clinical Nutrition},
 number = {1},
 pages = {154--160},
 title = {HIV and hepatocellular and esophageal carcinomas related to consumption of mycotoxin-prone foods in sub-Saharan Africa},
 url = {http://www.ajcn.org/content/92/1/154.full.pdf+html},
 volume = {92},
 year = {2010}
}

@article{Wilson2006,
 author = {Wilson, David P. and Kahn, James and Blower, Sally M.},
 journal = {Proceedings of the National Academy of Sciences of the United States of America},
 number = {38},
 pages = {14228--33},
 title = {Predicting the epidemiological impact of antiretroviral allocation strategies in KwaZulu-Natal: the effect of the urban-rural divide.},
 volume = {103},
 year = {2006}
}

@article{Wirtz2013,
 author = {Wirtz, L. and Walker, G. and Bollinger, L. and Sifakis, F. and Baral, S. and Johns, B. and Oelrichs, R. and Beyrer, C.},
 journal = {International Journal of STD and AIDS},
 number = {1},
 pages = {18--30},
 title = {Modelling the impact of HIV prevention and treatment for men who have sex with men on HIV epidemic trajectories in low- and middle-income countries},
 volume = {24},
 year = {2013}
}

@article{Wirtz2014,
 author = {Wirtz, L. and Pretorius, C. and Beyrer, C. and Baral, S. and Decker, R. and Sherman, G. and Sweat, M. and Poteat, T. and Butler, J. and Oelrichs, R. and Semini, I. and Kerrigan, D.},
 journal = {PLoS ONE},
 number = {2},
 pages = {e88047},
 title = {Epidemic impacts of a community empowerment intervention for HIV prevention among female sex workers in generalized and concentrated epidemics},
 url = {http://www.plosone.org/article/fetchObject.action?uri=info%3Adoi%2F10.1371%2Fjournal.pone.0088047&representation=PDF},
 volume = {9},
 year = {2014}
}

@article{Woods2018,
 author = {Woods, Beth and Rothery, Claire and Anderson, Sarah-Jane and Eaton, Jeffrey W. and Revill, Paul and Hallett, Timothy B. and Claxton, Karl},
 journal = {BMJ global health},
 number = {6},
 pages = {e000488},
 title = {Appraising the value of evidence generation activities: an HIV modelling study.},
 volume = {3},
 year = {2018}
}

