@article{Abbas2006,
 author = {Abbas, Ume L. and Anderson, Roy M. and Mellors, John W.},
 journal = {Journal of acquired immune deficiency syndromes (1999)},
 number = {5},
 pages = {632--41},
 title = {Potential impact of antiretroviral therapy on HIV-1 transmission and AIDS mortality in resource-limited settings.},
 volume = {41},
 year = {2006}
}

@article{Abbas2013,
 author = {Abbas, L. and Glaubius, R. and Mubayi, A. and Hood, G. and Mellors, W.},
 journal = {Journal of Infectious Diseases},
 number = {2},
 pages = {224--234},
 title = {Antiretroviral therapy and pre-exposure prophylaxis: Combined impact on HIV transmission and drug resistance in South Africa},
 volume = {208},
 year = {2013}
}

@article{Akudibillah2018,
 author = {Akudibillah, G. and Pandey, A. and Medlock, J.},
 journal = {Mathematical biosciences and engineering : MBE},
 number = {1},
 pages = {373--396},
 title = {Optimal control for HIV treatment},
 volume = {16},
 year = {2018}
}

@article{Alistar2014,
 author = {Alistar, S. and Grant, M. and Bendavid, E.},
 journal = {BMC Medicine},
 number = {1},
 pages = {46},
 title = {Comparative effectiveness and cost-effectiveness of antiretroviral therapy and pre-exposure prophylaxis for HIV prevention in South Africa},
 url = {http://www.biomedcentral.com/1741-7015/12/46},
 volume = {12},
 year = {2014}
}

@article{Alsallaq2013,
 author = {Alsallaq, R. and Buttolph, J. and Cleland, C. and Hallett, T. and Kurth, A.},
 journal = {Sexually Transmitted Infections},
 number = {SUPPL. 1},
 title = {Estimating the impact of combined prevention interventions targeting 15-24 years-old men and women in Nyanza, Kenya},
 url = {http://sti.bmj.com/content/89/Suppl_1/A269.2.abstract?sid=fac665dd-00fe-4427-a797-3174aad99710},
 volume = {89},
 year = {2013}
}

@article{Andrews2012,
 author = {Andrews, Jason R. and Wood, Robin and Bekker, Linda-Gail and Middelkoop, Keren and Walensky, Rochelle P.},
 journal = {The Journal of infectious diseases},
 number = {4},
 pages = {543--51},
 title = {Projecting the benefits of antiretroviral therapy for HIV prevention: the impact of population mobility and linkage to care.},
 volume = {206},
 year = {2012}
}

@article{Bacaer2010,
 author = {Bacaer, N. and Pretorius, C. and Auvert, B.},
 journal = {Bulletin of Mathematical Biology},
 number = {8},
 pages = {2180--2198},
 title = {An Age-Structured Model for the Potential Impact of Generalized Access to Antiretrovirals on the South African HIV Epidemic},
 volume = {72},
 year = {2010}
}

@article{Barnighausen2016,
 author = {Barnighausen, T. and Bloom, E. and Humair, S.},
 journal = {PLoS ONE},
 number = {10},
 pages = {e0163960},
 title = {Human resources for treating HIV/AIDS: Are the preventive effects of antiretroviral treatment a game changer?},
 url = {http://journals.plos.org/plosone/article/asset?id=10.1371/journal.pone.0163960.PDF},
 volume = {11},
 year = {2016}
}

@article{Blaizot2016,
 author = {Blaizot, S. and Maman, D. and Riche, B. and Mukui, I. and Kirubi, B. and Ecochard, R. and Etard, F.},
 journal = {BMC Infectious Diseases},
 number = {1},
 pages = {189},
 title = {Potential impact of multiple interventions on HIV incidence in a hyperendemic region in Western Kenya: A modelling study},
 url = {http://www.biomedcentral.com/bmcinfectdis/},
 volume = {16},
 year = {2016}
}

@article{Blaizot2017,
 author = {Blaizot, S. and Huerga, H. and Riche, B. and Ellman, T. and Shroufi, A. and Etard, F. and Ecochard, R.},
 journal = {BMC Infectious Diseases},
 number = {1},
 pages = {522},
 title = {Combined interventions to reduce HIV incidence in KwaZulu-Natal: A modelling study},
 url = {http://www.biomedcentral.com/bmcinfectdis/},
 volume = {17},
 year = {2017}
}

@article{Cremin2013,
 author = {Cremin, I. and Alsallaq, R. and Dybul, M. and Piot, P. and Garnett, G. and Hallett, B.},
 journal = {AIDS},
 number = {3},
 pages = {447--458},
 title = {The new role of antiretrovirals in combination HIV prevention: A mathematical modelling analysis},
 volume = {27},
 year = {2013}
}

@article{deMontigny2018,
 author = {de Montigny, S. and Boily, C. and Masse, R. and Mitchell, M. and Dimitrov, T.},
 journal = {Infectious Disease Modelling},
 pages = {85--96},
 title = {Assessing the utility of the tipping point ratio to monitor HIV treatment programmes in the era of universal access to ART},
 url = {http://www.keaipublishing.com/en/journals/infectious-disease-modelling/},
 volume = {3},
 year = {2018}
}

@article{Eaton2014a,
 author = {Eaton, W. and Hallett, B.},
 journal = {Proceedings of the National Academy of Sciences of the United States of America},
 number = {45},
 pages = {16202--16207},
 title = {Why the proportion of transmission during early-stage HIV infection does not predict the long-term impact of treatment on HIV incidence},
 url = {http://www.pnas.org/content/111/45/16202.full.pdf+html},
 volume = {111},
 year = {2014}
}

@article{Gilbert2015,
 author = {Gilbert, A. and Long, F. and Brooks, P. and Friedland, H. and Moll, P. and Townsend, P. and Galvani, P. and Shenoi, V.},
 journal = {PLoS ONE},
 number = {5},
 pages = {e0126267},
 title = {Integrating community-based interventions to reverse the convergent TB/HIV epidemics in rural South Africa},
 url = {http://www.plosone.org/article/fetchObject.action?uri=info:doi/10.1371/journal.pone.0126267&representation=PDF},
 volume = {10},
 year = {2015}
}

@article{Gilbert2016,
 author = {Gilbert, A. and Shenoi, V. and Moll, P. and Friedland, H. and Paltiel, D. and Galvani, P.},
 journal = {PLoS ONE},
 number = {12},
 pages = {e0165614},
 title = {Cost-effectiveness of community-based TB/HIV screening and linkage to care in rural South Africa},
 url = {http://journals.plos.org/plosone/article/file?id=10.1371/journal.pone.0165614&type=printable},
 volume = {11},
 year = {2016}
}

@article{Granich2009,
 author = {Granich, M. and Gilks, F. and Dye, C. and De Cock, M. and Williams, G.},
 journal = {The Lancet},
 number = {9657},
 pages = {48--57},
 title = {Universal voluntary HIV testing with immediate antiretroviral therapy as a strategy for elimination of HIV transmission: a mathematical model},
 volume = {373},
 year = {2009}
}

@article{Granich2012,
 author = {Granich, Reuben and Kahn, James G. and Bennett, Rod and Holmes, Charles B. and Garg, Navneet and Serenata, Celicia and Sabin, Miriam Lewis and Makhlouf-Obermeyer, Carla and Mack, Christina De Filippo and Williams, Phoebe and Jones, Louisa and Smyth, Caoimhe and Kutch, Kerry A. and Ying-Ru, Lo and Vitoria, Marco and Souteyrand, Yves and Crowley, Siobhan and Korenromp, Eline L. and Williams, Brian G.},
 journal = {PLoS one},
 number = {2},
 pages = {e30216},
 title = {Expanding ART for Treatment and Prevention of HIV in South Africa: Estimated Cost and Cost-Effectiveness 2011-2050},
 volume = {7},
 year = {2012}
}

@article{Guillon2018,
 author = {Guillon, M.},
 journal = {The International journal of health planning and management},
 number = {4},
 pages = {e1160-e1178},
 title = {Success factors for universal access to antiretroviral treatments in South Africa},
 volume = {33},
 year = {2018}
}

@article{Hallett2009b,
 author = {Hallett, T.B. and Dube, S. and Cremin, √ç. and Lopman, B. and Mahomva, A. and Ncube, G. and Mugurungi, O. and Gregson, S. and Garnett, G.P.},
 journal = {Epidemics},
 number = {2},
 pages = {77--82},
 title = {The role of testing and counselling for HIV prevention and care in the era of scaling-up antiretroviral therapy},
 url = {http://www.sciencedirect.com/science/article/pii/S1755436509000218},
 volume = {1},
 year = {2009}
}

@article{Hauser2019,
 author = {Hauser, A. and Kusejko, K. and Johnson, F. and Wandeler, G. and Riou, J. and Goldstein, F. and Egger, M. and Kouyos, D.},
 journal = {PLoS Computational Biology},
 number = {6},
 pages = {e1007083},
 title = {Bridging the gap between hiv epidemiology and antiretroviral resistance evolution: Modelling the spread of resistance in south africa},
 url = {https://journals.plos.org/ploscompbiol/article/file?id=10.1371/journal.pcbi.1007083&type=printable},
 volume = {15},
 year = {2019}
}

@article{Heaton2015,
 author = {Heaton, M. and Bouey, D. and Fu, J. and Stover, J. and Fowler, B. and Lyerla, R. and Mahy, M.},
 journal = {Sexually Transmitted Infections},
 number = {8},
 pages = {615--620},
 title = {Estimating the impact of the US President's Emergency Plan for AIDS Relief on HIV treatment and prevention programmes in Africa},
 url = {http://sti.bmj.com/content/91/8/615.full.pdf+html},
 volume = {91},
 year = {2015}
}

@article{Heffernan2016,
 author = {Heffernan, A. and Barber, E. and Thomas, R. and Fraser, C. and Pickles, M. and Cori, A.},
 journal = {PLoS ONE},
 number = {7},
 pages = {e0158303},
 title = {Impact and cost-effectiveness of point-of-care CD4 testing on the HIV epidemic in South Africa},
 url = {http://journals.plos.org/plosone/article?id=10.1371/journal.pone.0158303},
 volume = {11},
 year = {2016}
}

@article{Khademi2015,
 author = {Khademi, A. and Anand, S. and Potts, D.},
 journal = {Medicine (United States)},
 number = {37},
 title = {Measuring the potential impact of combination HIV prevention in sub-Saharan Africa},
 url = {http://journals.lww.com/md-journal},
 volume = {94},
 year = {2015}
}

@article{Long2013,
 author = {Long, F. and Stavert, R.},
 journal = {Journal of General Internal Medicine},
 number = {10},
 pages = {1294--1301},
 title = {Portfolios of biomedical HIV interventions in South Africa: A cost-effectiveness analysis},
 volume = {28},
 year = {2013}
}

@article{Low2015,
 author = {Low, A. and Nagot, N. and Konate, I. and Meda, N. and Segondy, M. and Van De Perre, P. and Mayaud, P. and Vickerman, P.},
 journal = {Journal of Acquired Immune Deficiency Syndromes},
 number = {Supplement 2},
 pages = {S180-S188},
 title = {Potential impact of existing interventions and of antiretroviral use in female sex workers on transmission of HIV in Burkina Faso: A modeling study},
 url = {http://journals.lww.com/jaids/pages/default.aspx},
 volume = {68},
 year = {2015}
}

@article{Maheu-Giroux2017,
 author = {Maheu-Giroux, M. and Vesga, F. and Diabate, S. and Alary, M. and Baral, S. and Diouf, D. and Abo, K. and Boily, C.},
 journal = {PLoS medicine},
 number = {6},
 pages = {e1002321},
 title = {Population-level impact of an accelerated HIV response plan to reach the UNAIDS 90-90-90 target in Cote d'Ivoire: Insights from mathematical modeling},
 volume = {14},
 year = {2017}
}

@article{Maheu-Giroux2017a,
 author = {Maheu-Giroux, M. and Vesga, F. and Diabate, S. and Alary, M. and Baral, S. and Diouf, D. and Abo, K. and Boily, C.},
 journal = {Journal of Acquired Immune Deficiency Syndromes},
 number = {5},
 pages = {517--527},
 title = {Changing Dynamics of HIV Transmission in Cote d'Ivoire: Modeling Who Acquired and Transmitted Infections and Estimating the Impact of Past HIV Interventions (1976-2015)},
 url = {http://journals.lww.com/jaids/pages/default.aspx},
 volume = {75},
 year = {2017}
}

@article{Metzger2011,
 author = {Metzger, T. and Lloyd-Smith, O. and Weinberger, S.},
 journal = {PLoS Computational Biology},
 number = {3},
 pages = {e1002015},
 title = {Autonomous targeting of infectious superspreaders using engineered transmissible therapies},
 url = {http://www.ploscompbiol.org/article/fetchObjectAttachment.action?uri=info%3Adoi%2F10.1371%2Fjournal.pcbi.1002015&representation=PDF},
 volume = {7},
 year = {2011}
}

@article{Mukandavire2018,
 author = {Mukandavire, Z. and Klein, J. and Medley, F. and Bershteyn, A. and Kripke, K. and Castor, D. and Nhamo, D. and Murungu, J. and Bhatasara, T. and Nyazema, L. and Takarinda, K. and Torjesen, K.},
 journal = {Topics in Antiviral Medicine},
 number = {Supplement 1},
 pages = {540s},
 title = {Quantifying indirect benefits of PrEP: Modeling analysis of oral PrEP in Zimbabwe},
 url = {https://www.iasusa.org/sites/default/files/tam/apr_2018.pdf},
 volume = {26},
 year = {2018}
}

@article{Nichols2014,
 author = {Nichols, E. and Baltussen, R. and Van Dijk, H. and Thuma, E. and Nouwen, L. and Boucher, B. and Van De Vijver, C.},
 journal = {Journal of Acquired Immune Deficiency Syndromes},
 number = {2},
 pages = {221--228},
 title = {Cost-effectiveness of PrEP in HIV/AIDS control in Zambia: A stochastic league approach},
 url = {http://www.jaids.com},
 volume = {66},
 year = {2014}
}

@article{Nichols2014a,
 author = {Nichols, E. and Sigaloff, E. and Kityo, C. and Mandaliya, K. and Hamers, L. and Bertagnolio, S. and Jordan, R. and Boucher, B. and Wit, D. and Vijver, D.},
 journal = {AIDS},
 number = {1},
 pages = {73--83},
 title = {Averted HIV infections due to expanded antiretroviral treatment eligibility offsets risk of transmitted drug resistance: A modeling study},
 volume = {28},
 year = {2014}
}

@article{Pretorius2010,
 author = {Pretorius, C. and Stover, J. and Bollinger, L. and Bacaer, N. and Williams, B.},
 journal = {PLoS ONE},
 number = {11},
 pages = {e13646},
 title = {Evaluating the Cost-Effectiveness of Pre-Exposure Prophylaxis (PrEP) and Its Impact on HIV-1 Transmission in South Africa},
 url = {http://www.plosone.org/article/fetchObjectAttachment.action?uri=info%3Adoi%2F10.1371%2Fjournal.pone.0013646&representation=PDF_etiEvaluatingthecost-effectivenessofpre-exposureprophylaxis(PrEP)anditsimpactonHIV-1transmissioninSouthAfrica},
 volume = {5},
 year = {2010}
}

@article{Rahman2016,
 author = {Rahman, A. and Vaidya, K. and Zou, X.},
 journal = {Mathematical Biosciences},
 pages = {38--49},
 title = {Impact of early treatment programs on HIV epidemics: An immunity-based mathematical model},
 url = {http://www.elsevier.com/locate/mbs},
 volume = {280},
 year = {2016}
}

@article{Salomon2005,
 author = {Salomon, A. and Hogan, R. and Stover, J. and Stanecki, A. and Walker, N. and Ghys, D. and Schwartlander, B.},
 journal = {PLoS Medicine},
 number = {1},
 pages = {0050--0056},
 title = {Integrating HIV prevention and treatment: From slogans to impact},
 url = {http://medicine.plosjournals.org/archive/1549-1676/2/1/pdf/10.1371_journal.pmed.0020016-L.pdf},
 volume = {2},
 year = {2005}
}

@article{Stuart2018,
 author = {Stuart, M. and Fraser-Hurt, N. and Kerr, C. and Mabusela, E. and Madi, V. and Mkhwanazi, F. and Pillay, Y. and Barron, P. and Muzah, B. and Matsebula, T. and Gorgens, M. and Wilson, P.},
 journal = {Journal of the International AIDS Society},
 number = {1},
 pages = {e25068},
 title = {The City of Johannesburg can end AIDS by 2030: Modelling the impact of achieving the Fast-Track targets and what it will take to get there: Modelling},
 url = {http://onlinelibrary.wiley.com/journal/10.7448/(ISSN)1758-2652},
 volume = {21},
 year = {2018}
}

@article{Volz2017,
 author = {Volz, M. and Ndembi, N. and Nowak, R. and Kijak, H. and Idoko, J. and Dakum, P. and Royal, W. and Baral, S. and Dybul, M. and Blattner, A. and Charurat, M.},
 journal = {Virus Evolution},
 number = {2},
 pages = {vex014},
 title = {Phylodynamic analysis to inform prevention efforts in mixed HIV epidemics},
 url = {http://ve.oxfordjournals.org/},
 volume = {3},
 year = {2017}
}

@article{Wagner2012,
 author = {Wagner, G. and Blower, S.},
 journal = {PLoS ONE},
 number = {9},
 pages = {e41212},
 title = {Universal Access to HIV Treatment versus Universal 'Test and Treat': Transmission, Drug Resistance \& Treatment Costs},
 url = {http://www.plosone.org/article/fetchObjectAttachment.action?uri=info%3Adoi%2F10.1371%2Fjournal.pone.0041212&representation=PDF},
 volume = {7},
 year = {2012}
}

@article{Ying2015,
 author = {Ying, R. and Heffron, R. and Baeten, J. and Celum, C. and Katabira, E. and Bulya, N. and Barnabas, V.},
 journal = {Topics in Antiviral Medicine},
 number = {E-1},
 pages = {511},
 title = {Cost-effectiveness of preexposure prophylaxis for high-risk HIV-discordant couples},
 url = {http://www.iasusa.org/sites/default/files/tam/23-e1-5.pdf},
 volume = {23},
 year = {2015}
}

@article{Ying2016,
 author = {Ying, R. and Sharma, M. and Celum, C. and Baeten, M. and van Rooyen, H. and Hughes, P. and Garnett, G. and Barnabas, V.},
 journal = {The Lancet HIV},
 number = {6},
 pages = {e275-e282},
 title = {Home testing and counselling to reduce HIV incidence in a generalised epidemic setting: a mathematical modelling analysis},
 url = {http://www.journals.elsevier.com/the-lancet-hiv/},
 volume = {3},
 year = {2016}
}

@article{Yusuf2012,
 author = {Yusuf, T. and Benyah, F.},
 journal = {Journal of Biological Dynamics},
 number = {2},
 pages = {475--494},
 title = {Optimal strategy for controlling the spread of HIV/AIDS disease: A case study of South Africa},
 volume = {6},
 year = {2012}
}

