@misc{AIDSinfo,
  author = {{UNAIDS}},
  title = {{AIDSinfo}},
  year = {2020},
  url = {http://aidsinfo.unaids.org/},
}
@misc{WHO2016ART,
  author = {{WHO}},
  title = {{Consolidated guidelines on the use of antiretroviral drugs for treating and preventing HIV infection}},
  year = {2016},
  url = {https://www.who.int/hiv/pub/arv/arv-2016},
}
@article{Lundgren2015,
  author = {Lundgren, Jens D. and Babiker, Abdel G. and Gordin, Fred and Emery, Sean and Grund, Birgit and Sharma, Shweta and Avihingsanon, An-Chalee and Cooper, David A. and Fatkenheuer, Gerd and Llibre, Josep M. and Moli-Na, Jean-Michel and Munderi, Paula and Schechter, Mauro and Wood, Robin and Klingman, Karin L. and Collins, Simon and {Clifford Lane}, H. and Phil-Lips, Andrew N. and Neaton, James D.},
  journal = {The Lancet HIV},
  month = {8},
  number = {9},
  pages = {795--807},
  title = {{How achievable is immediate ART for all?}},
  volume = {2},
  year = {2015},
  url = {https://doi.org/10.1056/NEJMoa1506816},
}
@article{Danel2015,
  author = {{The TEMPRANO ANRS 12136 Study Group}},
  journal = {New England Journal of Medicine},
  month = {8},
  number = {9},
  pages = {808--822},
  title = {{A Trial of Early Antiretrovirals and Isoniazid Preventive Therapy in Africa}},
  volume = {373},
  year = {2015},
  url = {https://doi.org/10.1056/nejmoa1507198},
}
@article{Anglemyer2013,
  author = {Anglemyer, Andrew and Rutherford, George W. and Horvath, Tara and Baggaley, Rachel C. and Egger, Matthias and Siegfried, Nandi},
  journal = {Cochrane Database of Systematic Reviews},
  month = {4},
  number = {4},
  pages = {CD009153},
  title = {{Antiretroviral therapy for prevention of HIV transmission in HIV-discordant couples}},
  year = {2013},
  url = {https://doi.org/10.1002/14651858.CD009153.pub3}
}
@article{Cohen2016,
  author = {Cohen, Myron S. and Chen, Ying Q. and McCauley, Marybeth and Gamble, Theresa and Hosseinipour, Mina C. and Kumarasamy, Nagalingeswaran and Hakim, James G. and Kumwenda, Johnstone and Grinsztejn, Beatriz and Pilotto, Jose H. S. and Godbole, Sheela V. and Chariyalertsak, Suwat and Santos, Breno R. and Mayer, Kenneth H. and Hoffman, Irving F. and Eshleman, Susan H. and Piwowar-Manning, Estelle and Cottle, Leslie and Zhang, Xinyi C. and Makhema, Joseph and Mills, Lisa A. and Panchia, Ravindre and Faesen, Sharlaa and Eron, Joseph and Gallant, Joel and Havlir, Diane and Swindells, Susan and Elharrar, Vanessa and Burns, David and Taha, Taha E. and Nielsen-Saines, Karin and Celentano, David D. and Essex, Max and Hudelson, Sarah E. and Redd, Andrew D. and Fleming, Thomas R.},
  journal = {New England Journal of Medicine},
  month = {9},
  number = {9},
  pages = {830--839},
  title = {{Antiretroviral Therapy for the Prevention of HIV-1 Transmission}},
  volume = {375},
  year = {2016},
  url = {https://doi.org/10.1056/nejmoa1600693},
}
@article{Granich2009,
  author = {Granich, Reuben M. and Gilks, Charles F. and Dye, Christopher and {De Cock}, Kevin M. and Williams, Brian G.},
  journal = {The Lancet},
  number = {9657},
  pages = {48--57},
  title = {{Universal voluntary HIV testing with immediate antiretroviral therapy as a strategy for elimination of HIV transmission: a mathematical model}},
  volume = {373},
  year = {2009},
  url = {https://doi.org/10.1016/S0140-6736(08)61697-9},
}
@article{Eaton2012,
  author = {Eaton, Jeffrey W. and Johnson, Leigh F. and Salomon, Joshua A. and Barnighausen, Till and Bendavid, Eran and Bershteyn, Anna and Bloom, David E. and Cambiano, Valentina and Fraser, Christophe and Hontelez, Jan A. C. and Humair, Salal and Klein, Daniel J. and Long, Elisa F. and Phillips, Andrew N. and Pretorius, Carel and Stover, John and Wenger, Edward A. and Williams, Brian G. and Hallett, Timothy B.},
  journal = {PLoS Medicine},
  month = {7},
  number = {7},
  pages = {e1001245},
  title = {{HIV treatment as prevention: Systematic comparison of mathematical models of the potential impact of antiretroviral therapy on HIV incidence in South Africa}},
  volume = {9},
  year = {2012},
  url = {https://doi.org/10.1371/journal.pmed.1001245},
}
@article{Delva2012,
  author = {Delva, Wim and Wilson, David P. and Abu-Raddad, Laith and Gorgens, Marelize and Wilson, David and Hallett, Timothy B. and Welte, Alex},
  journal = {PLoS Medicine},
  month = {7},
  number = {7},
  pages = {e1001239},
  title = {{HIV treatment as prevention: Principles of good HIV epidemiology modelling for public health decision-making in all modes of prevention and evaluation}},
  volume = {9},
  year = {2012},
  url = {https://doi.org/10.1371/journal.pmed.1001239},
}
@article{Cori2014,
  author = {Cori, Anne and Ayles, Helen and Beyers, Nulda and Schaap, Ab and Floyd, Sian and Sabapathy, Kalpana and Eaton, Jeffrey W. and Hauck, Katharina and Smith, Peter and Griffith, Sam and Moore, Ayana and Donnell, Deborah and Vermund, Sten H. and Fidler, Sarah and Hayes, Richard and Fraser, Christophe},
  journal = {PLoS ONE},
  number = {1},
  pages = {e84511},
  title = {{HPTN 071 (PopART): A cluster-randomized trial of the population impact of an HIV combination prevention intervention including universal testing and treatment: Mathematical model}},
  volume = {9},
  year = {2014},
  url = {https://doi.org/10.1371/journal.pone.0084511},
}
@article{Havlir2019,
  author = {Havlir, Diane V. and Balzer, Laura B. and Charlebois, Edwin D. and Clark, Tamara D. and Kwarisiima, Dalsone and Ayieko, James and Kabami, Jane and Sang, Norton and Liegler, Teri and Chamie, Gabriel and Camlin, Carol S. and Jain, Vivek and Kadede, Kevin and Atukunda, Mucunguzi and Ruel, Theodore and Shade, Starley B. and Ssemmondo, Emmanuel and Byonanebye, Dathan M. and Mwangwa, Florence and Owaraganise, Asiphas and Olilo, Winter and Black, Douglas and Snyman, Katherine and Burger, Rachel and Getahun, Monica and Achando, Jackson and Awuonda, Benard and Nakato, Hellen and Kironde, Joel and Okiror, Samuel and Thirumurthy, Harsha and Koss, Catherine and Brown, Lillian and Marquez, Carina and Schwab, Joshua and Lavoy, Geoff and Plenty, Albert and {Mugoma Wafula}, Erick and Omanya, Patrick and Chen, Yea-Hung and Rooney, James F. and Bacon, Melanie and {van der Laan}, Mark and Cohen, Craig R. and Bukusi, Elizabeth and Kamya, Moses R. and Petersen, Maya},
  journal = {New England Journal of Medicine},
  month = {7},
  number = {3},
  pages = {219--229},
  title = {{HIV Testing and Treatment with the Use of a Community Health Approach in Rural Africa}},
  volume = {381},
  year = {2019},
  url = {https://doi.org/10.1056/nejmoa1809866},
}
@article{Hayes2019,
  author = {Hayes, Richard J. and Donnell, Deborah and Floyd, Sian and Mandla, Nomtha and Bwalya, Justin and Sabapathy, Kalpana and Yang, Blia and Phiri, Mwelwa and Schaap, Ab and Eshleman, Susan H. and Piwowar-Manning, Estelle and Kosloff, Barry and James, Anelet and Skalland, Timothy and Wilson, Ethan and Emel, Lynda and Macleod, David and Dunbar, Rory and Simwinga, Musonda and Makola, Nozizwe and Bond, Virginia and Hoddinott, Graeme and Moore, Ayana and Griffith, Sam and Sista, Nirupama Deshmane and Vermund, Sten H. and El-Sadr, Wafaa and Burns, David N. and Hargreaves, James R. and Hauck, Katharina and Fraser, Christophe and Shanaube, Kwame and Bock, Peter and Beyers, Nulda and Ayles, Helen and Fidler, Sarah},
  journal = {New England Journal of Medicine},
  month = {7},
  number = {3},
  pages = {207--218},
  title = {{Effect of universal testing and treatment on HIV incidence - HPTN 071 (popart)}},
  volume = {381},
  year = {2019},
  url = {https://doi.org/10.1056/NEJMoa1814556},
}
@article{Iwuji2018,
  author = {Iwuji, Collins C. and Orne-Gliemann, Joanna and Larmarange, Joseph and Balestre, Eric and Thiebaut, Rodolphe and Tanser, Frank and Okesola, Nonhlanhla and Makowa, Thembisa and Dreyer, Jaco and Herbst, Kobus and McGrath, Nuala and Barnighausen, Till and Boyer, Sylvie and {de Oliveira}, Tulio and Rekacewicz, Claire and Bazin, Brigitte and Newell, Marie Louise and Pillay, Deenan and Dabis, Francois and Iwuji, Collins and Naidu, Kevi and Rochat, Tamsen and Viljoen, Johannes and Zuma, Thembelihle and Karcher, Sophie and Plazy, Melanie and Prague, Melanie and Thiebaut, Rodolphe and Tiendrebeogo, Thierry and Donfouet, Hermann and Gosset, Andrea and March, Laura and Protopopescu, Camelia and Spire, Bruno and Calmy, Alexandra and Inghels, Maxime and Diallo, Hassimiou and Calvez, Vincent and Derache, Anne and Marcelin, Anne Genevieve and Dray-Spira, Rosemary and Lert, France and {el Farouki}, Kamal and Lessells, Richard and Freedberg, Kenneth and Imrie, John and Chaix, Marie Laure and Newell, Colin and Hontelez, Jan},
  journal = {The Lancet HIV},
  month = {3},
  number = {3},
  pages = {e116--e125},
  title = {{Universal test and treat and the HIV epidemic in rural South Africa: a phase 4, open-label, community cluster randomised trial}},
  volume = {5},
  year = {2018},
  url = {https://doi.org/10.1016/S2352-3018(17)30205-9},
}
@article{Baral2019,
  author = {Baral, Stefan and Rao, Amrita and Sullivan, Patrick and Phaswana-Mafuya, Nancy and Diouf, Daouda and Millett, Greg and Musyoki, Helgar and Geng, Elvin and Mishra, Sharmistha},
  journal = {The Lancet HIV},
  month = {7},
  pages = {e632--638},
  title = {{The disconnect between individual-level and population-level HIV prevention benefits of antiretroviral treatment}},
  volume = {6},
  year = {2019},
  url = {https://doi.org/10.1016/s2352-3018(19)30226-7},
}
@article{Havlir2020,
  author = {Havlir, Diane and Lockman, Shahin and Ayles, Helen and Larmarange, Joseph and Chamie, Gabriel and Gaolathe, Tendani and Iwuji, Collins and Fidler, Sarah and Kamya, Moses and Floyd, Sian and Moore, Janet and Hayes, Richard and Petersen, Maya and Dabis, Francois},
  journal = {Journal of the International AIDS Society},
  month = {2},
  number = {2},
  pages = {e25455},
  title = {{What do the Universal Test and Treat trials tell us about the path to HIV epidemic control?}},
  volume = {23},
  year = {2020},
  url = {https://doi.org/10.1002/jia2.25455},
}
@article{Anderson1986,
  author = {Anderson, R. M. and Medley, G. F. and May, R. M. and Johnson, A. M.},
  journal = {Mathematical Medicine and Biology},
  month = {jan},
  number = {4},
  pages = {229--263},
  title = {{A preliminary study of the transmission dynamics of the Human Immunodeficiency Virus (HIV), the causative agent of AIDS}},
  volume = {3},
  year = {1986},
  url = {https://doi.org/10.1093/imammb/3.4.229},
}
@article{Boily1997,
  author = {Boily, Marie-Claude and Masse, Benoit},
  journal = {Canadian Journal of Public Health},
  number = {4},
  pages = {255--265},
  title = {{Mathematical models of disease transmission: A precious tool for the study of sexually transmitted diseases}},
  volume = {88},
  year = {1997},
  url = {https://doi.org/10.1007/bf03404793},
}
@article{Hontelez2013,
  author = {Hontelez, Jan A. C. C. and Lurie, Mark N. and Barnighausen, Till and Bakker, Roel and Baltussen, Rob and Tanser, Frank and Hallett, Timothy B. and Newell, Marie Louise and {de Vlas}, Sake J.},
  journal = {PLoS Medicine},
  month = {10},
  number = {10},
  pages = {e1001534},
  title = {{Elimination of HIV in South Africa through Expanded Access to Antiretroviral Therapy: A Model Comparison Study}},
  volume = {10},
  year = {2013},
  url = {https://doi.org/10.1371/journal.pmed.1001534},
}
@article{Rozhnova2016,
  author = {Rozhnova, Ganna and {van der Loeff}, Maarten F. Schim and Heijne, Janneke C. M. and Kretzschmar, Mirjam E.},
  journal = {PLoS Computational Biology},
  month = {aug},
  number = {8},
  pages = {e1005012},
  title = {{Impact of Heterogeneity in Sexual Behavior on Effectiveness in Reducing HIV Transmission with Test-and-Treat Strategy}},
  volume = {12},
  year = {2016},
  doi = {https://doi.org/10.1371/journal.pcbi.1005012},
}
@article{Hakim2018,
  author = {Hakim, Avi Joseph and MacDonald, Virginia and Hladik, Wolfgang and Zhao, Jinkou and Burnett, Janet and Sabin, Keith and Prybylski, Dimitri and {Garcia Calleja}, Jesus Maria},
  journal = {Journal of the International AIDS Society},
  month = {7},
  pages = {e25119},
  title = {{Gaps and opportunities: measuring the key population cascade through surveys and services to guide the HIV response}},
  volume = {21},
  year = {2018},
  url = {https://doi.org/10.1002/jia2.25119},
}
@article{Nyato2019,
  author = {Nyato, Daniel and Nnko, Soori and Komba, Albert and Kuringe, Evodius and Plotkin, Marya and Mbita, Gaspar and Shao, Amani and Changalucha, John and Wambura, Mwita},
  journal = {PLoS ONE},
  month = {11},
  number = {11},
  pages = {e0219032},
  title = {{Facilitators and barriers to linkage to HIV care and treatment among female sex workers in a community-based HIV prevention intervention in Tanzania: A qualitative study}},
  volume = {14},
  year = {2019},
  url = {https://doi.org/10.1371/journal.pone.0219032},
}
@article{Arnesen2017,
  author = {Arnesen, Rachel and Moll, Anthony P. and Shenoi, Sheela V.},
  journal = {PLoS ONE},
  month = {may},
  number = {5},
  pages = {e0177168},
  title = {{Predictors of loss to follow-up among patients on ART at a rural hospital in KwaZulu-Natal, South Africa}},
  volume = {12},
  year = {2017},
  url = {https://doi.org/10.1371/journal.pone.0177168},
}
@article{Chikwari2018,
  author = {Chikwari, Chido D. and Dringus, Stefanie and Ferrand, Rashida A.},
  journal = {Current Opinion in HIV and AIDS},
  month = {5},
  number = {3},
  pages = {257--264},
  title = {{Barriers to, and emerging strategies for, HIV testing among adolescents in sub-Saharan Africa}},
  volume = {13},
  year = {2018},
  url = {https://doi.org/10.1097/COH.0000000000000452},
}
@article{Quinn2019,
  author = {Quinn, Caitlin and Kadengye, Damazo T. and Johnson, Cheryl C. and Baggaley, Rachel and Dalal, Shona},
  journal = {Journal of the International AIDS Society},
  month = {oct},
  number = {10},
  pages = {e25398},
  title = {{Who are the missing men? Characterising men who never tested for HIV from population-based surveys in six sub-Saharan African countries}},
  volume = {22},
  year = {2019},
  url = {https://doi.org/10.1002/jia2.25398},
}
@article{Green2020,
  author = {Green, Dylan and Tordoff, Diana M. and Kharono, Brenda and Akullian, Adam and Bershteyn, Anna and Morrison, Michelle and Garnett, Geoff and Duerr, Ann and Drain, Paul K.},
  journal = {Journal of the International AIDS Society},
  month = {3},
  number = {3},
  title = {{Evidence of sociodemographic heterogeneity across the HIV treatment cascade and progress towards 90-90-90 in sub-Saharan Africa - a systematic review and meta-analysis}},
  volume = {23},
  year = {2020},
  url = {https://doi.org/10.1002/jia2.25470},
}
@article{Pilcher2004,
  author = {Pilcher, Christopher D. and Tien, Hsiao Chuan and Eron, Joseph J. and Vernazza, Pietro L. and Leu, Szu Yun and Stewart, Paul W. and Goh, Li Ean and Cohen, Myron S.},
  journal = {Journal of Infectious Diseases},
  month = {5},
  number = {10},
  pages = {1785--1792},
  title = {{Brief but efficient: Acute HIV infection and the sexual transmission of HIV}},
  volume = {189},
  year = {2004},
  url = {https://doi.org/10.1086/386333},
}
@article{Ramachandran2016,
  author = {Ramachandran, Sanjeev and Mishra, Sharmistha and Condie, Natalie and Pickles, Michael},
  journal = {Sexually Transmitted Infections},
  month = {12},
  number = {8},
  pages = {571--578},
  title = {{How do HIV-negative individuals in sub-Saharan Africa change their sexual risk behaviour upon learning their serostatus? A systematic review}},
  volume = {92},
  year = {2016},
  url = {https://doi.org/10.1136/sextrans-2015-052354},
}
@article{Tiwari2020,
  author = {Tiwari, Ruchi and Wang, Jiayu and Han, Hannah and Kalu, Ngozi and Sims, Lee B. and Katz, David A. and Burke, Barbara and Tsegaye, Adino T. and Carter, Kayla A. and Freije, Sophie and Guo, Boya and Albirair, Mohamed and Barr-DiChiara, Magdalena and Baggaley, Rachel and Jamil, Muhammad S. and Senya, Kafui and Johnson, Cheryl and Khosropour, Christine M.},
  journal = {Journal of the International AIDS Society},
  month = {11},
  number = {11},
  title = {{Sexual behaviour change following HIV testing services: a systematic review and meta-analysis}},
  volume = {23},
  year = {2020},
  url = {https://doi.org/10.1002/jia2.25635},
}
@article{Watts2010,
  author = {Watts, Charlotte and Zimmerman, Cathy and Foss, Anna M. and Hossain, Mazeda and Cox, Andrew and Vickerman, Peter},
  journal = {Sexually Transmitted Infections},
  month = {12},
  number = {S3},
  pages = {iii85--iii92},
  title = {{Remodelling core group theory: the role of sustaining populations in HIV transmission}},
  volume = {86},
  year = {2010},
  url = {https://doi.org/10.1136/sti.2010.044602},
}
@article{Dodd2010,
  author = {Dodd, Peter J. and Garnett, Geoff P. and Hallett, Timothy B.},
  journal = {AIDS},
  month = {3},
  number = {5},
  pages = {729--735},
  title = {{Examining the promise of HIV elimination by 'test and treat' in hyperendemic settings}},
  volume = {24},
  year = {2010},
  url = {https://doi.org/10.1097/QAD.0b013e32833433fe},
}
@article{Mountain2014,
  author = {Mountain, Elisa and Mishra, Sharmistha and Vickerman, Peter and Pickles, Michael and Gilks, Charles and Boily, Marie-Claude},
  journal = {PLoS ONE},
  month = {9},
  number = {9},
  pages = {e105645},
  title = {{Antiretroviral therapy uptake, attrition, adherence and outcomes among hiv-infected female sex workers: A systematic review and meta-analysis}},
  volume = {9},
  year = {2014},
  url = {https://doi.org/10.1371/journal.pone.0105645},
}
@article{Lancaster2016,
  author = {Lancaster, Kathryn E. and Cernigliaro, Dana and Zulliger, Rose and Fleming, Paul F.},
  journal = {African Journal of AIDS Research},
  month = {12},
  number = {4},
  pages = {377--386},
  title = {{HIV care and treatment experiences among female sex workers living with HIV in sub-Saharan Africa: A systematic review}},
  volume = {15},
  year = {2016},
  url = {https://doi.org/10.2989/16085906.2016.1255652},
}
@article{Hollingsworth2008,
  author = {Hollingsworth, T. Deirdre and Anderson, Roy M. and Fraser, Christophe},
  journal = {Journal of Infectious Diseases},
  month = {9},
  number = {5},
  pages = {687--693},
  title = {{HIV-1 transmission, by stage of infection}},
  volume = {198},
  year = {2008},
  url = {https://doi.org/10.1086/590501},
}
@article{Boily2009,
  author = {Boily, Marie-Claude and Baggaley, Rebecca F. and Wang, Lei and Masse, Benoit and White, Richard G. and Hayes, Richard J. and Alary, Michel},
  journal = {The Lancet Infectious Diseases},
  month = {2},
  number = {2},
  pages = {118--129},
  title = {{Heterosexual risk of HIV-1 infection per sexual act: systematic review and meta-analysis of observational studies}},
  volume = {9},
  year = {2009},
  url = {https://doi.org/10.1016/S1473-3099(09)70021-0},
}
@article{DeWaal2018,
  author = {{de Waal}, Renee and Lessells, Richard and Hauser, Anthony and Kouyos, Roger and Davies, Mary-Ann and Egger, Matthias and Wandeler, Gilles},
  journal = {Journal of virus eradication},
  month = {11},
  number = {S2},
  pages = {55--58},
  title = {{HIV drug resistance in sub-Saharan Africa: public health questions and the potential role of real-world data and mathematical modelling.}},
  volume = {4},
  year = {2018},
  url = {https://doi.org/10.1016/S2055-6640(20)30347-2},
}
@article{Myer2010,
  author = {Myer, Landon and Carter, Rosalind J. and Katyal, Monica and Toro, Patricia and El-Sadr, Wafaa M. and Abrams, Elaine J.},
  journal = {PLoS Medicine},
  month = {2},
  number = {2},
  pages = {e1000229},
  title = {{Impact of antiretroviral therapy on incidence of pregnancy among HIV-infected women in Sub-Saharan Africa: A cohort study}},
  volume = {7},
  year = {2010},
  url = {https://doi.org/10.1371/journal.pmed.1000229},
}
@article{McGrath2013,
  author = {McGrath, Nuala and Richter, Linda and Newell, Marie Louise},
  journal = {Journal of the International AIDS Society},
  month = {1},
  number = {1},
  pages = {18048},
  title = {{Sexual risk after HIV diagnosis: A comparison of pre-ART individuals with CD4 {\textgreater} 500 cells/ $\mu$l and ART-eligible individuals in a HIV treatment and care programme in rural KwaZulu-Natal, South Africa}},
  volume = {16},
  year = {2013},
  url = {https://doi.org/10.7448/IAS.16.1.18048},
}
@article{Anderson1991,
  author = {Anderson, Roy M. and May, Robert M. and Boily, Marie-Claude and Garnett, Geoff P. and Rowley, Jane T.},
  journal = {Nature},
  number = {6336},
  pages = {581--589},
  title = {{The spread of HIV-1 in Africa: Sexual contact patterns and the predicted demographic impact of AIDS}},
  volume = {352},
  year = {1991},
  url = {https://doi.org/10.1038/352581a0},
}
@article{Birdthistle2019,
  author = {Birdthistle, Isolde and Tanton, Clare and Tomita, Andrew and {de Graaf}, Kristen and Schaffnit, Susan B. and Tanser, Frank and Slaymaker, Emma},
  journal = {The Lancet Global Health},
  month = {11},
  number = {11},
  pages = {e1521--e1540},
  title = {{Recent levels and trends in HIV incidence rates among adolescent girls and young women in ten high-prevalence African countries: a systematic review and meta-analysis}},
  volume = {7},
  year = {2019},
  url = {https://doi.org/10.1016/S2214-109X(19)30410-3},
}
@misc{WHO2016KP,
  author = {{WHO}},
  title = {{Consolidated guidelines on HIV prevention, diagnosis, treatment and care for key populations}},
  year = {2016},
  url = {https://www.who.int/hiv/pub/guidelines/keypopulations-2016/
                  },
}
@article{Knight2020,
  author = {Knight, Jesse and Baral, Stefan D. and Schwartz, Sheree and Wang, Linwei and Ma, Huiting and Young, Katherine and Hausler, Harry and Mishra, Sharmistha},
  journal = {Infectious Disease Modelling},
  month = {1},
  pages = {549--562},
  title = {{Contribution of high risk groups' unmet needs may be underestimated in epidemic models without risk turnover: A mechanistic modelling analysis}},
  volume = {5},
  year = {2020},
  url = {https://doi.org/10.1016/j.idm.2020.07.004},
}
@article{Scorgie2012,
  author = {Scorgie, Fiona and Chersich, Matthew F. and Ntaganira, Innocent and Gerbase, Antonio and Lule, Frank and Lo, Ying Ru},
  journal = {AIDS and Behavior},
  month = {5},
  number = {4},
  pages = {920--933},
  title = {{Socio-demographic characteristics and behavioral risk factors of female sex workers in sub-Saharan Africa: A systematic review}},
  volume = {16},
  year = {2012},
  url = {https://doi.org/10.1007/s10461-011-9985-z},
}
@misc{Covidence,
  author = {{Veritas Health Innovation}},
  title = {{Covidence systematic review software}},
  year = {2020},
  url = {https://www.covidence.org},
}
@article{Vandepitte2006,
  author = {Vandepitte, Judith and Lyerla, Rob and Dallabetta, Gina and Crabbe, Francois and Alary, Michel and Buve, Anne},
  journal = {Sexually Transmitted Infections},
  month = {6},
  number = {S3},
  title = {{Estimates of the number of female sex workers in different regions of the world}},
  volume = {82},
  year = {2006},
  url = {https://doi.org/10.1136/sti.2006.020081},
}
@article{Hojsgaard2006,
  author = {Halekoh, Ulrich and Hojsgaard, Soren and Yan, Jun},
  journal = {Journal of Statistical Software},
  number = {2},
  pages = {1--11},
  title = {{The R package geepack for generalized estimating equations}},
  volume = {15},
  year = {2006},
  url = {https://doi.org/10.18637/jss.v015.i02},
}
@book{Harrell2001,
  address = {New York},
  author = {Harrell, Frank E.},
  publisher = {Springer},
  title = {{Regression Modelling Strategies}},
  year = {2001},
  url = {https://doi.org/10.1007/978-1-4757-3462-1},
}
@article{Fazito2012,
  author = {Fazito, Erika and Cuchi, Paloma and Mahy, Mary and Brown, Tim},
  journal = {Sexually Transmitted Infections},
  month = {dec},
  number = {S2},
  pages = {i24--i32},
  title = {{Analysis of duration of risk behaviour for key populations: a literature review.}},
  volume = {88},
  year = {2012},
  url = {https://doi.org/10.1136/sextrans-2012-050647},
}
@article{Romero-Severson2012,
  author = {Romero-Severson, Ethan O. and Alam, Shah Jamal and Volz, Erik M. and Koopman, James S.},
  journal = {Statistical Communications in Infectious Diseases},
  month = {nov},
  number = {1},
  pages = {4},
  title = {{Heterogeneity in Number and Type of Sexual Contacts in a Gay Urban Cohort}},
  volume = {4},
  year = {2012},
  url = {https://doi.org/10.1515/1948-4690.1042},
}
@article{Roberts2020,
  author = {Roberts, Elizabeth and Ma, Huiting and Bhattacharjee, Parinita and Musyoki, Helgar K. and Gichangi, Peter and Avery, Lisa and Musimbi, Janet and Tsang, Jenkin and Kaosa, Shem and Kioko, Japheth and Becker, Marissa L. and Mishra, Sharmistha},
  journal = {BMC Public Health},
  month = {5},
  number = {1},
  title = {{Low program access despite high burden of sexual, structural, and reproductive health vulnerabilities among young women who sell sex in Mombasa, Kenya}},
  volume = {20},
  year = {2020},
  url = {https://doi.org/10.1186/s12889-020-08872-6},
}
@article{Houle2018,
  author = {Houle, Brian and Mojola, Sanyu A. and Angotti, Nicole and Schatz, Enid and Gomez-Olive, F. Xavier and Clark, Samuel J. and Williams, Jill R. and Kabudula, Chodziwadziwa and Tollman, Stephen and Menken, Jane},
  journal = {AIDS Care},
  month = {apr},
  number = {11},
  pages = {1435--1443},
  title = {{Sexual behavior and HIV risk across the life course in rural South Africa: Trends and comparisons}},
  volume = {30},
  year = {2018},
  url = {https://doi.org/10.1080/09540121.2018.1468008},
}
@article{Henry2015,
  author = {Henry, Christopher J. and Koopman, James S.},
  journal = {Scientific Reports},
  month = {aug},
  number = {1},
  pages = {9467},
  title = {{Strong influence of behavioral dynamics on the ability of testing and treating HIV to stop transmission}},
  volume = {5},
  year = {2015},
  url = {https://doi.org/10.1038/srep09467},
}
@article{Stannah2019,
  author = {Stannah, James and Dale, Elizabeth and Elmes, Jocelyn and Staunton, Roisin and Beyrer, Chris and Mitchell, Kate M. and Boily, Marie-Claude},
  journal = {The Lancet HIV},
  month = {11},
  number = {11},
  pages = {e769--e787},
  title = {{HIV testing and engagement with the HIV treatment cascade among men who have sex with men in Africa: a systematic review and meta-analysis}},
  volume = {6},
  year = {2019},
  url = {https://doi.org/10.1016/S2352-3018(19)30239-5},
}
@article{Ma2020,
  author = {Ma, Huiting and Wang, Linwei and Gichangi, Peter and Mochache, Vernon and Manguro, Griffins and Musyoki, Helgar K. and Bhattacharjee, Parinita and Cholette, Francois and Sandstrom, Paul and Becker, Marissa L. and Mishra, Sharmistha},
  journal = {Journal of Acquired Immune Deficiency Syndromes},
  month = {8},
  number = {5},
  pages = {470--479},
  title = {{Venue-Based HIV Testing at Sex Work Hotspots to Reach Adolescent Girls and Young Women Living with HIV: A Cross-sectional Study in Mombasa, Kenya}},
  volume = {84},
  year = {2020},
  url = {https://doi.org/10.1097/QAI.0000000000002363},
}
@article{Ehrenkranz2019,
  author = {Ehrenkranz, Peter and Grimsrud, Anna and Rabkin, Miriam},
  journal = {Current Opinion in HIV and AIDS},
  month = {1},
  number = {1},
  pages = {60--65},
  title = {{Differentiated service delivery: Navigating the path to scale}},
  volume = {14},
  year = {2019},
  url = {https://doi.org/10.1097/COH.0000000000000509},
}
@article{Ortblad2019,
  author = {Ortblad, Katrina F. and Baeten, Jared M. and Cherutich, Peter and Wamicwe, Joyce Njeri and Wasserheit, Judith N.},
  journal = {Current Opinion in HIV and AIDS},
  month = {9},
  number = {5},
  pages = {354--365},
  title = {{The arc of HIV epidemics in sub-Saharan Africa: New challenges with concentrating epidemics in the era of 90-90-90}},
  volume = {14},
  year = {2019},
  url = {https://doi.org/10.1097/COH.0000000000000569},
}
@article{Case2019,
  author = {Case, Kelsey K. and Gomez, Gabriela B. and Hallett, Timothy B.},
  journal = {Journal of the International AIDS Society},
  month = {9},
  number = {9},
  title = {{The impact, cost and cost-effectiveness of oral pre-exposure prophylaxis in sub-Saharan Africa: a scoping review of modelling contributions and way forward}},
  volume = {22},
  year = {2019},
  url = {https://doi.org/10.1002/jia2.25390},
}
@article{Beyrer2012,
  author = {Beyrer, Chris and Baral, Stefan D. and {van Griensven}, Frits and Goodreau, Steven M. and Chariyalertsak, Suwat and Wirtz, Andrea L. and Brookmeyer, Ron},
  journal = {The Lancet},
  month = {7},
  number = {9839},
  pages = {367--377},
  title = {{Global epidemiology of HIV infection in men who have sex with men}},
  volume = {380},
  year = {2012},
  url = {https://doi.org/10.1016/S0140-6736(12)60821-6},
}
@article{Baral2012,
  author = {Baral, Stefan D. and Beyrer, Chris and Muessig, Kathryn and Poteat, Tonia and Wirtz, Andrea L. and Decker, Michele R. and Sherman, Susan G. and Kerrigan, Deanna},
  journal = {The Lancet Infectious Diseases},
  month = {7},
  number = {7},
  pages = {538--549},
  title = {{Burden of HIV among female sex workers in low-income and middle-income countries: A systematic review and meta-analysis}},
  volume = {12},
  year = {2012},
  url = {https://doi.org/10.1016/S1473-3099(12)70066-X},
}
@article{Mishra2016,
  author = {Mishra, Sharmistha and Boily, Marie-Claude and Schwartz, Sheree and Beyrer, Chris and Blanchard, James F. and Moses, Stephen and Castor, Delivette and Phaswana-Mafuya, Nancy and Vickerman, Peter and Drame, Fatou and Alary, Michel and Baral, Stefan D.},
  journal = {Annals of Epidemiology},
  month = {aug},
  number = {8},
  pages = {557--569},
  title = {{Data and methods to characterize the role of sex work and to inform sex work programs in generalized HIV epidemics: evidence to challenge assumptions}},
  volume = {26},
  year = {2016},
  url = {https://doi.org/10.1016/j.annepidem.2016.06.004},
}
@article{Bekker2015,
  author = {Bekker, Linda-Gail and Johnson, Leigh and Cowan, Frances and Overs, Cheryl and Besada, Donela and Hillier, Shannon and Cates, Jr., Willard},
  journal = {The Lancet},
  number = {9962},
  pages = {72--87},
  title = {{Combination HIV prevention for female sex workers: What is the evidence?}},
  volume = {385},
  year = {2015},
  url = {https://doi.org/10.1016/S0140-6736(14)60974-0},
}
@article{Stone2021,
  author = {Stone, Jack and Mukandavire, Christinah and Boily, Marie-Claude and Fraser, Hannah and Mishra, Sharmistha and Schwartz, Sheree and Rao, Amrita and Looker, Katharine J. and Quaife, Matthew and Terris-Prestholt, Fern and Marr, Alexander and Lane, Tim and Coetzee, Jenny and Gray, Glenda and Otwombe, Kennedy and Milovanovic, Minja and Hausler, Harry and Young, Katherine and Mcingana, Mfezi and Ncedani, Manezi and Puren, Adrian and Hunt, Gillian and Kose, Zamakayise and Phaswana-Mafuya, Nancy and Baral, Stefan and Vickerman, Peter},
  journal = {Journal of the International AIDS Society},
  month = {12},
  number = {1},
  pages = {e25650},
  title = {{Estimating the contribution of key populations towards HIV transmission in South Africa}},
  volume = {24},
  year = {2021},
  url = {https://doi.org/10.1002/jia2.25650},
}
@article{Tanser2015,
  author = {Tanser, Frank and Barnighausen, Till and Vandormael, Alain and Dobra, Adrian},
  journal = {Current Opinion in HIV and AIDS},
  month = {11},
  number = {6},
  pages = {430--438},
  title = {{HIV treatment cascade in migrants and mobile populations}},
  volume = {10},
  year = {2015},
  url = {https://doi.org/10.1097/COH.0000000000000192},
}
@article{Dellar2015,
  author = {Dellar, Rachael C. and Dlamini, Sarah and Karim, Quarraisha Abdool},
  journal = {Journal of the International AIDS Society},
  number = {2},
  pages = {64--70},
  title = {{Adolescent girls and young women: Key populations for HIV epidemic control}},
  volume = {18},
  year = {2015},
  url = {https://doi.org/10.7448/IAS.18.2.19408},
}
@article{Silverman2011,
  author = {Silverman, Jay G.},
  journal = {Archives of Disease in Childhood},
  month = {5},
  number = {5},
  pages = {478--481},
  title = {{Adolescent female sex workers: Invisibility, violence and HIV}},
  volume = {96},
  year = {2011},
  url = {https://doi.org/10.1136/adc.2009.178715},
}
@article{Baggaley2013,
  author = {Baggaley, Rebecca F. and Dimitrov, Dobromir and Owen, Branwen N. and Pickles, Michael and Butler, Ailsa R. and Masse, Ben and Boily, Marie-Claude},
  journal = {American Journal of Reproductive Immunology},
  month = {2},
  number = {S1},
  pages = {95--105},
  title = {{Heterosexual Anal Intercourse: A Neglected Risk Factor for HIV?}},
  volume = {69},
  year = {2013},
  url = {https://doi.org/10.1111/aji.12064},
}
